1806 3190
513 185 615 225 LIB.
643 185 677 224 Ι.
728 182 847 225 CAP.
875 185 1077 226 xxxvn.
1399 184 1418 217 1
1440 182 1455 218 Ι
1478 185 1496 217 1

57 283 397 331 σταντινούπολιν
423 285 498 326 καί
527 283 555 339 ἦ
583 283 782 326 δέσποινα
807 283 913 338 κυρὰ
938 278 1076 340 Σοφία
1104 281 1129 339 ἢ
1157 283 1236 325 τοῦ
1254 284 1504 338 Μοντεφερ-

49 351 188 409 ῑριέτου
211 353 450 407 μαρκίωνος
477 347 669 406 θυγάτηρ
686 382 700 402 ,
728 350 802 391 καί
827 351 880 406 τῇ
908 349 963 391 eff
991 351 1066 392 τοῦ
1091 350 1346 404 Ἰανουαριόυ
1375 349 1503 404 ηὔλο-

53 417 163 475 γήθη
190 415 323 471 αὐτὴν
351 418 424 460 καὶ
454 417 642 472 ἐστέφθη
667 414 690 457 ὅ
716 414 917 468 βασιλεὺς
943 413 1023 469 κύρ
1047 414 1234 470 Ἰωάννης
1261 416 1306 456 ἐν
1331 416 1380 471 τῇ
1408 414 1505 472 ἁγίᾳ

53 485 215 541 Σοφίᾳ,
245 485 317 524 καί
341 481 502 537 μεγάλη
525 478 643 536 ἑορτὴ
675 478 832 535 ἐγένετο
858 482 903 523 ἐν
930 482 1029 538 τῇδε
1056 483 1110 538 τῇ
1138 484 1310 535 στέψει,
1339 479 1413 523 καὶ
1437 475 1505 522 ὅν·-

17 547 46 594 ἒ
53 566 136 600 τως
162 547 317 604 ἑορτῶν
344 546 494 604 ἓορτὴν
516 545 590 589 καὶ
613 544 843 601 πανήγυριν
864 543 1135 601 πανηγύρεων
1164 548 1377 602 ἐποίησαν.

164 619 227 671 57.
285 614 379 658 Kal
406 615 465 671 τῷ
491 612 623 673 ‘gam'
662 610 746 654 ἔτει
772 607 903 666 ἢλθεν
939 612 962 653 o‘
990 611 1158 667 ἆμηρᾶς
1186 612 1206 654 ὃ
1238 614 1382 668 κύριος
1409 616 1504 657 Κυ-

49 683 193 738 ρι’τζης
222 683 296 723 καί
321 681 558 734 Μεεμέτης,
587 678 656 720 ἵνα
686 676 757 719 διὰ
787 680 860 732 τῆς
874 679 1359 729 Κωνσταντινουπόλεως
1387 681 1501 723 διὲλ-

49 751 108 805 θῃ
137 749 196 797 εἷς
218 747 297 802 τήν
325 743 555 800 ἀνατολήν·
626 743 702 786 καί
726 742 1086 799 ἒπρομαθητεύθη
1117 743 1233 800 παρὰ
1265 746 1349 789 τῶν
1376 762 1502 789 κατα·
1549 757 1554 763 “

49 813 214 856 σκόπων
252 809 316 855 ὅτι
347 811 506 866 ὑπῆγεν
547 810 615 854 ἵνα
658 810 711 852 τὰ
740 812 815 864 τῆς
845 810 1048 864 α’νατολῆς
1084 810 1300 869 διορθῶσῃ
1318 843 1331 865 ,
1360 815 1432 855 καί
1458 814 1503 855 ἐν

10 882 108 938 uugi
135 882 380 922 ἐπανελθεῖν
422 875 554 920 αὐτὸν
599 876 707 918 κατὰ
748 879 848 918 νοῦν
878 876 1082 930 ἐλογιζετο
1123 879 1263 919 ἐλθεῖν
1289 877 1397 920 κατὰ
1430 881 1502 935 τῆς

47 946 219 1000 πόλεως,
247 945 304 994 ὥς
331 946 516 998 ἐμελέτα.
573 943 726 993 πάντες
751 938 826 985 οὖν
858 942 896 985 οἱ
917 945 987 998 τῆς
1013 945 1168 999 βουλῆς
1190 945 1266 986 τοῦ
1290 947 1499 999 βασιλέως

49 1010 88 1054 οἱ
113 1013 457 1065 ἐμπιστευθέντες
481 1008 527 1052 τὸ
566 1007 797 1065 μυστήριον
816 1041 828 1064 ,
861 1004 1058 1064 ἄρχοντες
1087 1008 1161 1052 καί
1188 1012 1233 1052 ἐκ
1262 1013 1347 1054 τῶν
1373 1010 1497 1067 ἱερω-

45 1079 204 1131 μένων,
235 1075 536 1132 παροξύνοντες
565 1075 787 1130 ἐβούλευον
814 1076 873 1134 τῷ
899 1079 1070 1130 βασιλεῖ
1091 1078 1158 1117 ἵνα
1188 1076 1315 1134 πταίσῃ
1345 1075 1496 1121 αὐτόν·

47 1145 199 1193 ἐκεῖνος
225 1144 273 1185 δὲ
313 1144 452 1184 ου’κέτι
478 1143 728 1198 κατεπείσθη
756 1142 885 1197 λέγων
917 1141 1022 1183 “ov’n
1055 1141 1199 1184 ἀθετῶ
1222 1141 1320 1193 τούς
1348 1139 1500 1201 ὅρκους

11 1209 120 1259 ὄοὸς
164 1207 267 1264 πρὸς
309 1211 464 1251 ἐκεῖνον
503 1207 789 1264 ἐποιησάμην,
830 1209 871 1250 εἶ
905 1206 979 1250 καὶ
1013 1204 1066 1250 ἂν
1110 1207 1392 1266 ἔβεβαιούμην
1429 1208 1497 1253 ὅτι

43 1274 146 1333 ἔλθῃ
176 1278 274 1317 καθ’
308 1275 452 1330 ἡμῶν,
492 1278 633 1327 μέλλει
671 1275 839 1328 νικῆσαι
872 1274 945 1316 καί
981 1275 1331 1329 αι’χμαλωτεῦσαι
1372 1274 1495 1331 ἡμᾶς.

42 1343 83 1383 εἰ
110 1342 156 1382 δὲ
190 1340 316 1382 πάλιν
345 1342 495 1389 ἐκεῖνος
521 1339 704 1397 α’θετήσῃ
744 1339 842 1389 τοὺς
881 1337 1031 1396 ὅρκους
1059 1342 1217 1393 αὐτοῦ,
1263 1341 1367 1397 πρὸς
1393 1342 1530 1388 θεὸνΒ

39 1405 110 1449 τόν
150 1409 453 1461 περισσοτέρως
494 1408 652 1448 ἐκείνου
692 1404 922 1459 δυνάμενον
958 1406 1011 1448 τὰ
1050 1405 1181 1449 πάντα
1226 1408 1495 1464 οἷνοιτίθημι.υ

40 1474 98 1515 δι’
122 1472 173 1529 ἢν
200 1471 339 1516 αἰτίαν
366 1473 466 1514 οὐδὲ
494 1489 586 1514 τινα
611 1475 694 1514 τῶν
741 1470 845 1514 υἱῶν
875 1471 1011 1513 αὑτοῦ
1036 1471 1219 1515 ἔστειλεν
1246 1475 1305 1524 εἷς
1334 1474 1488 1518 συνάν-

16 1552 155 1594 ’τησιν
181 1541 239 1595 τῷ
279 1540 445 1591 α’σεβεῖ,
488 1539 527 1579 εἰ
558 1536 617 1593 μὴ
660 1536 760 1588 τοὺς
799 1538 998 1592 ἀρίστους
1027 1534 1210 1594 ἄνδρας,
1245 1541 1488 1597 Δημήτριον

40 1603 114 1646 τὸν
132 1603 380 1659 Λεοντάριν,
406 1605 607 1647 Ἰσαάκιον
626 1602 700 1646 τὸν
718 1600 902 1660 ἶΑσάνην
929 1607 1001 1647 καί
1034 1606 1246 1662 Μανουῆλ
1273 1607 1343 1649 τὸν
1371 1624 1486 1663 πρω-

39 1671 292 1727 τοστράτορα
333 1669 406 1713 τὸν
446 1669 800 1727 Καντακουζηνὸν
837 1672 944 1724 μετὰ
975 1673 1138 1715 πολλῶν
1170 1673 1389 1728 ἀρχόντων
1415 1676 1489 1717 καί

38 1738 307 1793 στρατιωτῶν
331 1739 403 1779 καί
430 1737 599 1793 δωρεῶν
630 1739 871 1791 βασιλικῶν.
913 1738 985 1779 καί
1012 1738 1343 1794 συναντήσαντες
1372 1742 1488 1799 αύτῷ

131 1871 164 1904 6.
190 1869 260 1916 37]
284 1868 335 1913 κη’
363 1871 387 1902 Ρ
512 1869 665 1918 κύριος]
691 1873 755 1906 καὶ
778 1872 802 1903 Ρ
930 1873 962 1905 8.
985 1873 1253 1920 προεμαθεύθη
1278 1874 1303 1907 Ρ
1435 1875 1486 1907 ι3.

132 1917 433 1963 παροτρύναντες
455 1917 480 1950 Ρ
627 1919 675 1951 ¹5.
703 1919 737 1952 εἰ
758 1919 821 1951 καὶ
846 1918 893 1963 ἑβ.
921 1917 978 1954 ὅτι
1003 1918 1075 1955 ἄν’.)
1210 1934 1260 1966 ¹9·
1290 1918 1335 1965 ἣν
1359 1920 1399 1957 δὲ
1422 1918 1486 1964 τὴν

134 1965 257 2000 αἰτίαν
282 1964 307 1997 Ρ
422 1974 475 1998 21.
499 1960 699 2011 λεονταρῆν
721 1965 753 2006 Ρ,
774 1970 809 1998 et
833 1976 914 1998 mox
933 1967 1111 2013 λεονιαρῆ

41 2086 257 2121 marchionis
282 2087 552 2123 Montisserrati.
589 2099 665 2122 eam
692 2088 750 2122 die
774 2090 931 2124 Ianuarii
961 2102 999 2137 ¹9
1028 2092 1168 2126 solenni
1193 2092 1396 2126 ceremonia
1421 2092 1489 2125 du-

42 2135 96 2168 xit
114 2134 419 2180 inauguratusque
446 2141 501 2169 est
524 2136 563 2169 in
584 2135 673 2169 aede
698 2136 730 2169 S.
757 2136 913 2182 Sophiae
947 2138 1140 2183 imperator
1166 2139 1369 2183 Iobannes3
1395 2151 1489 2185 quae

41 2182 268 2226 inauguratio
294 2193 464 2216 summam
490 2182 619 2216 habuit
643 2183 726 2216 festi
746 2183 821 2217 diei
844 2184 1088 2219 celebritatem
1113 2187 1253 2233 fuitque
1282 2197 1406 2222 revera
1431 2199 1490 2220 so-

41 2228 150 2262 lenne
177 2229 379 2262 sclennium
411 2234 449 2263 et
471 2231 660 2275 panegyris
687 2233 928 2276 panegyrium.

132 2275 188 2319 37.
237 2276 340 2309 Anno
353 2277 446 2319 6928
474 2277 593 2310 adfuit
628 2289 762 2311 amerus
777 2279 930 2322 Cyritzes
950 2278 1182 2322 Mehemetes,
1207 2292 1270 2326 per
1286 2281 1425 2326 Cpolim
1451 2281 1490 2315 in

41 2321 158 2355 Asiam
184 2322 417 2367 profecturus.
430 2324 717 2370 praenuntiatum
733 2331 852 2359 autem
877 2327 994 2360 fuerat
1017 2327 1060 2360 ab
1082 2328 1380 2373 exploratoribus,
1409 2339 1488 2361 eum

42 2369 218 2403 orientem
267 2370 468 2404 ordinatum
505 2372 672 2405 advenire
709 2377 818 2418 atque
862 2374 900 2407 in
946 2373 1063 2407 reditu
1104 2375 1228 2408 urbem
1274 2376 1486 2409 invasurum.

5 2450 7 2453 ,
41 2427 166 2450 omnes
195 2417 304 2460 igitur
328 2419 523 2451 consiliarii
552 2419 799 2464 imperatoris,
835 2420 967 2466 quibus
991 2422 1165 2455 creditum
1193 2428 1248 2456 est
1278 2421 1348 2455 hoc
1373 2433 1489 2455 secre-

42 2467 116 2496 tum
133 2488 143 2504 ,
167 2464 347 2508 principes
375 2470 411 2498 et
439 2466 685 2508 ecclesiastici,
711 2467 912 2502 suadebant
940 2480 1167 2514 magnopere,
1192 2475 1232 2502 ut
1255 2469 1490 2514 comprehen-

43 2508 146 2542 deret
170 2521 332 2544 ameram.
363 2512 476 2546 atille
500 2525 666 2554 renuens,
687 2512 787 2547 “non
815 2515 999 2557 violarem,
1027 2517 1163 2561 inquit,
1187 2516 1283 2561 quod
1310 2517 1363 2549 illi
1392 2515 1488 2557 dedi,

43 2556 292 2590 iusiurandum
307 2584 316 2599 ,
340 2559 479 2593 etiamsi
517 2572 598 2594 eum
622 2572 687 2595 nos
714 2561 919 2595 adorturum
943 2563 1172 2609 devictosque
1197 2563 1360 2597 servituti
1384 2563 1488 2596 addi-

43 2608 180 2637 ctutum
205 2615 282 2638 esse
321 2612 416 2639 certo
458 2608 595 2641 scirem.
620 2609 649 2641 si
674 2609 749 2653 ipse
773 2609 920 2643 violarit
945 2616 1202 2643 sacramentum
1219 2636 1230 2651 ,
1267 2616 1393 2644 cuncta
1419 2610 1489 2644 deo

44 2651 261 2685 committam
278 2677 287 2693 ‚
314 2654 376 2698 qui
403 2658 458 2687 est
482 2655 546 2688 iilo
571 2654 789 2700 potentior.''
827 2657 966 2690 nullum
990 2662 1110 2689 tamen
1138 2668 1157 2689 e
1183 2657 1267 2690 {iliis
1291 2658 1401 2703 impio
1430 2658 1488 2691 isti

44 2696 186 2731 obviam
213 2699 335 2740 misit,
366 2700 429 2733 sed
453 2702 644 2747 optimates
671 2703 864 2748 quosdam,
895 2704 1117 2737 Demetrium
1142 2704 1370 2747 Leontarim,
1394 2705 1490 2738 Isaa-

41 2744 138 2777 cium
163 2745 316 2780 Asanem
338 2752 376 2781 et
401 2747 602 2784 Manuelem
629 2750 911 2785 Cantacuzenum
950 2755 1240 2797 protostratorem
1266 2763 1344 2786 cum
1368 2751 1490 2786 multis
