1806 3190
502 169 609 208 2113.
648 169 718 208 lv,
757 166 874 209 CAP.
900 167 1007 208 xix.
1378 147 1415 213 4
1427 167 1443 200 ι
1465 159 1484 200 ἰ

59 271 336 326 Κερκυραίων
362 270 516 310 πλοίων
546 266 566 308 ὁ
592 265 789 319 δεσπότης
818 264 894 318 mio
927 265 1085 317 Θωμᾶς
1113 263 1218 317 μετὰ
1245 265 1326 306 τῶν
1355 263 1495 304 πλειό-

56 352 140 378 νων
168 333 380 389 α’ρχόντων
399 334 532 375 αὑτοῦ
552 335 668 386 διέβη
702 334 760 380 εἰς
788 331 860 374 τὸν
880 333 1079 384 Ἀγκῶνα,
1108 331 1176 373 ἵνα
1205 331 1365 372 ἐκεῖθεν
1391 329 1495 384 πρός

56 417 100 443 τε
130 400 203 442 τὸν
231 397 373 441 πάπαν
403 399 475 440 καί
501 398 574 440 τὸν
605 399 733 439 δοῦκα
755 397 1034 439 ΙΙἸεδιολάνων
1061 397 1130 438 καί
1157 393 1345 449 α’λλαχοῦ
1369 398 1496 437 dns).-

57 471 139 524 θῃ,
180 468 240 515 εἰς
278 468 503 518 Κέρκυραν
547 466 800 517 καταλείψας
842 462 916 518 τήν
952 478 1005 517 τε,
1046 464 1294 516 βασίλισσαν
1334 460 1406 502 καὶ
1444 461 1493 503 τὰ

59 533 206 573 παιδία
234 531 364 572 αὑτοῦ
393 533 469 572 καί
491 546 606 578 τινας
650 531 730 570 τῶν
761 526 973 584 ἀρχόντων
1002 529 1139 571 αὑτοῦ
1167 526 1398 576 οἰκειακοὺς
1424 529 1497 569 καὶ

57 599 216 646 οἰκέτας
241 598 322 638 ταῖν
351 597 466 654 αύτῷ
493 593 715 648 ἑπομένων.
789 590 840 636 οὗ
870 594 920 650 δὴ
955 591 1063 647 κάμὲ
1091 593 1221 636 πολλοὶ
1253 596 1497 648 διορισαμέ-

55 679 126 706 νου
156 664 228 706 καί
256 660 507 717 ζητήσαντος
535 662 604 704 ἵνα
643 658 672 714 ἢ
699 660 779 703 σὺν
808 661 925 716 αὐτῷ
967 661 1138 702 α’πέλθω
1168 658 1193 715 ἢ
1223 663 1268 702 ἐν
1295 658 1497 717 Κερκύρᾳ

53 726 160 782 μετά
189 731 264 783 τῆς
301 730 550 782 βασιλίσσης
585 728 738 779 μείνω,
782 721 926 780 ἅρχων
969 727 1046 767 τοῦ
1084 726 1272 768 ὅσπιτίου
1333 726 1493 780 αὐτῆς·

53 793 133 847 ἐγώ
164 797 211 836 δὲ
250 793 321 836 διά
350 809 395 835 τε
421 792 468 835 τὸ
512 793 624 842 ἔλεος
655 796 729 834 τοῦ
765 791 813 834 τὰ
846 791 979 834 πάντα
1018 794 1154 841 καλῶς
1186 795 1496 844 οἰκονομοῦντος

58 862 163 901 θεοῦ
175 893 187 912 ,
211 890 214 893 Δ
239 858 310 902 διά
338 876 380 901 τε
416 858 489 914 τήν
530 861 664 913 λύπην
707 853 766 900 ὧν
793 859 1005 913 ἐγέννησα,
1052 857 1123 899 διά
1150 874 1191 899 τε
1219 857 1292 913 τὴν
1319 859 1496 909 α’ταξιάν

54 923 219 967 πάντων
242 927 324 967 τῶν
352 928 428 966 τοῦ
459 925 572 966 nixo&
602 925 739 966 αὐτῶν
767 922 936 979 α’νήκοος
965 923 1160 979 ἐγενόμην
1190 926 1248 973 εἰς
1275 922 1323 966 τὰ
1354 924 1496 980 ἀμφό-

54 1006 165 1045 τερα.
239 992 327 1032 ἀλλ’
365 988 647 1043 ἐπιμείναντός
681 1006 762 1042 μου
803 989 874 1031 καί
908 989 1035 1048 ἑτέρῳ
1075 992 1206 1047 καιρῷ
1232 992 1275 1031 ἐν
1306 992 1411 1047 τῷδε
1437 993 1496 1048 τῷ

52 1056 195 1114 χωρίῳ
235 1057 404 1108 ὀνόματι
444 1055 726 1108 Μολυβατινιὶ
773 1059 816 1098 ἐν
843 1051 881 1113 (ᾖ
910 1052 1025 1111 ἦμεν,
1055 1053 1121 1098 ὅτε
1147 1055 1218 1097 καί
1245 1056 1267 1097 ό
1298 1054 1495 1111 δεσπότης

54 1117 106 1176 ἤν
124 1123 178 1163 >ἐν
207 1125 264 1180 τῷ
276 1125 434 1178 Χλομῷ
464 1121 534 1164 διὰ
564 1121 634 1164 τὸν
663 1120 795 1178 φόβον
815 1125 888 1164 τοῦ
914 1125 1145 1164 θανατικοῦ
1170 1122 1226 1172 ὥς
1252 1121 1494 1176 δεδήλωται.

19 1189 126 1230 Sum·
172 1186 278 1239 μετὰ
308 1187 452 1242 καιρὸν
483 1189 528 1230 δὲ
558 1189 745 1240 κάθισμα
774 1185 912 1241 εὑρών
951 1188 995 1230 τὸ
1026 1190 1083 1238 εἰς
1112 1184 1242 1241 ὄνομα
1270 1191 1344 1230 τοῦ
1375 1188 1494 1242 ἁγίου

52 1254 202 1294 Ἠλίου
231 1257 401 1308 πλησίον
421 1256 497 1295 τοῦ
530 1250 700 1308 ἄστεως,
732 1253 984 1303 ἀπελθόντος
1011 1271 1093 1307 μου
1121 1257 1254 1296 ἐκεῖσε
1280 1254 1497 1311 κατῴκησα

54 1320 340 1373 Σεπτεμβρίου
361 1319 451 1375 ἕκτῃ
473 1323 546 1362 τοῦ
574 1320 678 1379 530¹
698 1319 839 1368 4ἔτους.
869 1323 1091 1373 κατέμενον
1117 1318 1224 1373 μετὰ
1253 1323 1336 1361 τῶν
1367 1323 1494 1373 ἐμῶν,

57 1384 131 1425 καί
161 1385 286 1438 μόνον
318 1383 492 1439 ἐδεόμην
529 1389 606 1428 τοῦ
641 1388 748 1427 θεοῦ
789 1387 858 1427 ἵνα
885 1384 995 1441 ἡμᾶς
1022 1385 1170 1442 ἐλεήσῃ
1199 1389 1271 1427 καί
1298 1388 1498 1436 ε’ξοικονο-

52 1447 164 1507 μήσῃ
194 1450 275 1491 ὑπὸ
307 1454 379 1504 τῆς
407 1451 540 1492 αὑτοῦ
569 1455 892 1507 φιλανθρωπίας
930 1454 1002 1493 καί
1031 1449 1297 1506 οἷγαθότητος.
1355 1453 1494 1504 διαβι-

53 1514 259 1568 βάσαντός
285 1533 366 1569 μου
407 1513 480 1558 οὖν
509 1520 640 1564 ἐκεῖσε
666 1519 803 1570 μῆνας
826 1521 968 1570 πέντε,
997 1516 1069 1559 καί
1099 1516 1198 1571 πρός
1227 1534 1319 1559 τινα
1347 1517 1496 1571 καιρὸν

53 1582 176 1624 οὐδὲν
204 1580 430 1636 ἐνοήσαμεν
476 1580 780 1638 α’ναπαυθῆναι
816 1581 921 1636 μετὰ
959 1586 1042 1624 τῶν
1069 1581 1251 1636 ἐχόντων
1279 1582 1326 1625 τὸ
1355 1586 1494 1624 τοιοῦ-

50 1663 121 1689 τον
147 1647 353 1701 κάθισμα.
412 1652 484 1691 καί
523 1647 592 1690 διὰ
626 1649 672 1691 τὸ
701 1651 806 1700 ἕξειν
847 1649 957 1704 ἡμᾶς
985 1651 1155 1690 πλείονα
1179 1649 1251 1690 τὸν
1278 1653 1495 1691 πολυπλα-

51 1712 234 1768 σιασμὸν
262 1717 336 1757 τοῦ
353 1719 648 1770 καλοκαγαθοῧ
667 1719 792 1772 φίλου
821 1717 895 1757 καί
919 1718 1203 1768 πνευματικοῦ
1228 1714 1384 1771 πατρὸς
1397 1719 1494 1759 Δω-

147 1847 198 1869 ιο.
225 1833 270 1879 ἢν
299 1838 479 1883 ἐγέννησα
505 1830 566 1872 διὰ
592 1835 657 1882 τὴν
681 1838 706 1871 Ρ
838 1839 888 1871 13.
921 1832 1170 1884 μολυβαντινὰ
1197 1837 1221 1871 Ρ
1344 1839 1395 1883 14.
1417 1850 1493 1883 χω-

144 1907 211 1950 ρίῳ
235 1906 259 1938 Ρ
396 1917 447 1951 ¹7·
474 1896 596 1953 ,αυξβὸ
621 1906 646 1938 Ρ
743 1916 798 1939 21.
827 1905 1105 1949 ἀναπεισθῆναι
1126 1907 1153 1940 P·
1254 1916 1309 1939 22.
1335 1906 1441 1942 τοῦτο
1470 1906 1492 1939 P

51 1989 144 2022 fecta
170 1989 319 2024 redisset
344 2002 464 2024 mense
487 1991 636 2025 Octobri
660 1993 742 2024 anni
769 1993 874 2035 6969,
899 1992 1054 2026 Thomas
1086 1993 1247 2038 despota,
1274 1992 1332 2024 die
1366 1993 1494 2026 16Νο-

47 2035 202 2069 vembris
217 2036 491 2080 Corcyraeorum
521 2050 646 2072 navem
670 2039 856 2084 ingressus,
882 2051 961 2072 cum
986 2040 1194 2085 proceribus
1215 2040 1286 2072 suis
1313 2040 1492 2084 plerisque

48 2083 229 2116 Anconam
243 2085 395 2124 traiecit,
422 2085 506 2118 inde
527 2086 570 2118 ad
588 2097 715 2131 papam
737 2092 772 2119 et
785 2085 1108 2120 Mediolanensium
1125 2087 1247 2119 ducem
1264 2091 1299 2119 et
1316 2087 1387 2118 alio
1405 2098 1491 2130 pro-·

50 2128 218 2171 secturus,
244 2131 281 2164 in
295 2131 445 2174 Corcyra
468 2133 601 2166 relictis
628 2134 746 2178 regina
764 2139 800 2166 et
822 2134 903 2166 filiis
931 2140 968 2168 et
992 2135 1178 2167 nonnullis
1206 2144 1403 2178 procerum,
1427 2134 1490 2178 qui

53 2186 133 2209 enm
158 2177 410 2223 sequebantur,
438 2180 673 2213 familiaribus
699 2186 735 2213 et
753 2180 969 2214 domesticis.
993 2181 1170 2227 equidem,
1198 2180 1348 2213 multum
1376 2179 1420 2212 ab
1445 2192 1492 2213 eo

51 2223 220 2257 invitatus
246 2230 282 2258 et
306 2232 445 2270 rogatus
461 2252 470 2267 ‚
500 2232 539 2259 ut
563 2233 625 2260 aut
651 2228 839 2260 comitarer
862 2239 899 2261 se
914 2252 924 2268 ‚
957 2234 1019 2262 aut
1043 2229 1212 2271 Corcyrae
1247 2237 1425 2260 manerem
1450 2228 1489 2260 in

51 2269 199 2304 aedibus
224 2273 381 2316 reginae,
409 2284 472 2318 per
504 2274 780 2307 misericordiam
807 2274 867 2307 dei
904 2281 1031 2308 cuncta
1066 2275 1158 2307 bene
1192 2273 1429 2314 moderantis,
1455 2280 1492 2307 et

48 2322 195 2362 propter
211 2318 347 2352 luctum
366 2330 500 2362 eorum,
527 2332 616 2366 quos
645 2333 922 2366 procreaveram,
947 2328 982 2356 et
1012 2333 1125 2354 rerum
1150 2322 1306 2354 omnium
1331 2321 1369 2353 in
1394 2320 1492 2354 illius

50 2363 156 2396 domo
180 2365 504 2410 perturbationem,
530 2374 692 2401 neutram
717 2369 959 2402 conditionem
986 2370 1123 2413 accepi,
1148 2367 1210 2401 sed
1238 2368 1348 2400 mansi
1371 2367 1491 2410 Moly-

50 2409 207 2452 bacinis,
233 2423 305 2457 quo
334 2414 411 2446 loco
437 2416 544 2447 etiam
572 2421 655 2448 ante
684 2415 839 2457 fueram,
866 2427 975 2461 quum
1002 2416 1149 2460 despota
1176 2420 1272 2447 metu
1302 2415 1425 2459 pestis,
1453 2420 1493 2448 ut

49 2457 338 2501 significavimus,
363 2460 499 2495 Chlomi
525 2468 745 2505 versaretur;
769 2469 805 2496 et
829 2474 910 2496 mox
929 2463 1058 2496 cellula
1077 2463 1223 2495 inventa
1249 2462 1284 2494 in
1310 2467 1491 2494 monaste-

49 2504 100 2537 rio
126 2516 236 2550 prope
263 2506 386 2540 urbem
413 2509 449 2541 in
469 2508 640 2542 honorem
661 2510 772 2543 sancti
788 2510 887 2543 Eliae
905 2515 1094 2551 exstructo,
1122 2509 1209 2542 illuc
1237 2508 1357 2541 sedem
1374 2514 1490 2541 trans-

46 2551 113 2584 tuli
139 2551 198 2585 die
223 2554 247 2586 6
271 2553 490 2599 Septembris
528 2557 612 2589 anni
643 2558 748 2602 6970.
799 2557 847 2589 ibi
887 2568 964 2589 cum
992 2557 1082 2588 meis
1105 2556 1242 2594 mansi,
1269 2561 1306 2588 et
1330 2561 1488 2588 tantum-

46 2597 154 2631 modo
184 2606 347 2644 precatus
383 2613 458 2634 sum
485 2602 613 2642 deum,
647 2609 688 2636 ut
719 2604 945 2637 miseraretur
965 2614 1030 2635 nos
1054 2608 1091 2635 et
1113 2614 1176 2647 pro
1202 2602 1424 2646 benignitate
1451 2608 1489 2635 et

45 2645 195 2679 caritate
223 2658 285 2679 sua
316 2648 351 2680 in
378 2660 442 2681 nos
467 2649 685 2683 decerneret.
712 2656 946 2684 commoratus
973 2661 1050 2682 sum
1075 2649 1123 2682 ibi
1149 2661 1288 2682 menses
1314 2650 1487 2694 quinque,

44 2695 154 2736 atque
179 2693 340 2727 intellexi
368 2696 584 2739 procedente
611 2702 790 2742 tempore,
814 2698 1023 2741 neutiquam
1052 2708 1117 2730 nos
1145 2696 1340 2742 tranquillo
1365 2696 1484 2729 auimo

44 2737 111 2771 frui
137 2750 243 2783 posse
257 2752 334 2774 cum
355 2742 410 2783 iis,
435 2742 494 2788 qui
520 2743 557 2776 id
579 2745 831 2777 monasterium
851 2749 1029 2785 tenerent3
1060 2743 1181 2789 itaque
1207 2743 1253 2777 ob
1271 2742 1483 2777 crebriorem
