1806 3190
349 165 366 200 1
379 147 450 201 60
763 128 988 200 omnen
1028 158 1344 199 PHRANTZAE

339 260 459 315 ρικὰς
488 259 670 315 τριήρεις
691 259 994 312 προσδοκῶντος
1026 258 1092 299 ἵνα
1113 258 1243 311 ἐμβάς
1265 259 1324 306 εἰς
1350 256 1426 311 τήν
1446 258 1563 301 πόλιν
1593 260 1770 318 α’πέλθῃ,

337 326 429 370 ἷδού
460 324 539 380 ἐγώ
571 321 779 378 ἄπρακτος
805 321 986 378 ἔφθασα.

450 410 463 434 1
479 409 510 434 1.
565 391 658 431 Καί
683 387 879 441 ἐμβάντες
898 391 957 438 εἰς
976 388 1049 437 τοὶς
1076 391 1156 431 τῶν
1172 387 1342 431 Ἑνετῶν
1358 387 1539 444 τριήρεις
1555 392 1627 432 καί
1653 390 1770 447 φθά-
1805 383 1806 429 3

335 473 480 506 σαντες
508 457 566 504 εἰς
592 450 798 508 Εὔριπον,
828 453 942 506 ἔδοξε
969 458 1027 511 τῷ
1053 456 1231 511 αὐθέντῃ
1263 470 1345 507 μου
1374 453 1499 497 καλὸν
1529 451 1635 498 εἶναι
1664 457 1769 499 a’no-
1805 432 1806 474 1

334 523 500 565 στεῖλαί
519 537 573 574 με
595 518 700 574 πρὸς
726 518 796 561 τὸν
829 519 1099 575 Τουραχάνην
1138 524 1182 562 ἐν
1211 520 1328 578 Θήβῃ
1358 521 1673 576 εὑρισκόμενον,
1702 522 1797 565 ἴναΞ

332 588 384 630 τὰ
413 586 511 639 περὶ
536 588 609 640 τῆς
632 583 814 640 Ἀθήνης
843 587 954 643 αὐτῷ
988 587 1265 640 δηλοποιήσω.
1337 587 1411 628 καί
1434 590 1768 642 παραγενομένου

331 669 413 706 μου
443 654 598 706 ἐδέχθη
628 666 681 704 με
709 650 808 703 μετὰ
837 654 1001 706 χαρᾶς,
1033 652 1104 693 καί
1130 650 1446 708 ἐπληροφόρησέ
1471 668 1545 705 μοι
1570 655 1666 706 μεθ’
1695 650 1767 709 ὅρ-

331 736 403 761 κου
430 721 559 772 λέγων
588 714 650 758 ὅτι
686 719 725 759 εἰ
769 716 926 771 ἔγνωκα
954 720 1074 760 τοῦτο
1102 718 1199 772 πρὶν
1222 717 1383 760 οἴκοθεν
1414 719 1594 770 ἐξελθεῖν
1618 735 1671 773 με
1700 721 1768 761 ἐν..

330 787 491 836 ταῦθα,
534 785 668 826 ἕνεκεν
707 786 777 837 τῆς
805 783 909 837 πρὸς
949 782 1019 824 τὸν
1058 782 1253 838 δεσπότην
1295 784 1456 839 α’γοίπης
1491 785 1566 826 καί
1592 785 1694 840 πρὸς
1720 787 1767 828 σὲ

328 851 555 905 γνωριμίας
566 849 795 903 χαριέντως
825 845 846 889 ὃ
872 850 1000 898 αἰτεῖς
1018 851 1233 904 πληρῶσαι
1253 846 1377 903 εἶχον,
1407 850 1498 891 ἐπεὶ
1524 845 1624 891 ἄνευ
1639 861 1796 905 προσ-1

325 917 533 971 τάγματος
574 916 651 956 τοῦ
694 913 875 968 μεγάλου
918 916 1125 957 αὕθέντου
1171 915 1346 970 ἐποίησα
1368 918 1513 969 τοῦτο,
1554 913 1662 958 διότι
1699 913 1767 958 ὅτε

325 977 436 1037 ἤμην
452 984 495 1023 ἐν
515 983 572 1037 τῷ
591 979 685 1037 οἴκῳ
696 995 779 1031 μου
800 982 992 1028 πλείστας
1023 980 1254 1036 προφάσεις
1287 979 1497 1036 ἐδυνάμην
1525 981 1676 1035 εὑρεῖν,
1691 983 1767 1023 νῦν

324 1050 371 1090 δὲ
384 1047 597 1102 πρόφασιν
610 1042 685 1086 οὐκ
697 1044 779 1099 ἔχω
801 1046 1008 1098 ου’δεμιάν.
1030 1046 1351 1101 φιλοφρονηθείς
1371 1048 1416 1088 δὲ
1437 1049 1666 1102 φιλοτίμως
1682 1045 1762 1101 ἐγώ

322 1117 423 1168 παρ’
442 1114 610 1163 ἐκείνου,
628 1114 698 1153 καί
714 1109 811 1159 τούς
832 1109 951 1160 υἱούς
966 1112 1100 1152 αὑτοῦ
1121 1114 1358 1166 προσέφερέ
1368 1127 1439 1164 μοι
1458 1114 1517 1160 εἰς
1535 1111 1765 1168 προσκύνη-

322 1182 388 1220 σι’ν
401 1195 497 1232 μου,
519 1176 589 1219 καί
605 1179 853 1232 παρετίθετο
876 1175 1032 1226 αὐτούς
1052 1176 1145 1229 ἐμοὶ
1164 1179 1237 1218 καί
1254 1179 1310 1233 τῷ
1329 1177 1510 1234 αὐθέντῃ
1524 1193 1621 1230 μου,
1639 1180 1682 1228 ἐξ
1704 1172 1763 1220 ὧν
1782 1190 1793 1215 1

321 1238 373 1298 ἦν
399 1240 459 1292 εἷς
486 1242 506 1285 ὃ
536 1245 611 1285 νῦν
639 1241 769 1291 πολύς
796 1241 868 1283 καί
886 1244 1016 1296 μέγας
1047 1240 1222 1298 α’μήρης.
1253 1242 1325 1284 καί
1347 1240 1480 1291 οὕτως
1503 1246 1586 1285 τῶν
1603 1246 1763 1286 ἐκεῖθεν

318 1309 608 1363 ἐπανέστρεψα
630 1304 855 1363 ἄπρακτος.
912 1310 984 1349 καί
1014 1309 1106 1349 ἐπεί
1135 1306 1412 1361 προλαβόντες
1443 1307 1480 1350 οἱ
1509 1310 1552 1350 ἐν
1589 1311 1646 1367 τῷ
1677 1310 1762 1351 Ev’·

316 1377 423 1431 ρίπῳ
453 1369 560 1429 ἦραν
599 1372 674 1426 την
712 1376 901 1429 γέφυραν
926 1373 1132 1422 ἀκουσίως
1161 1377 1212 1430 τῇ
1239 1372 1300 1414 κθ’
1331 1370 1608 1428 Αὐγούστου,
1642 1373 1763 1430 ἧμεῖς

315 1441 535 1493 ἐμείναμεν
561 1441 605 1481 ἐν
633 1439 766 1495 ἐκείνῃ
795 1441 843 1494 τῇ
863 1438 983 1480 νυκτί
1010 1440 1068 1487 εἰς
1094 1438 1169 1487 τοὶς
1197 1438 1352 1489 ἔξωθεν
1383 1441 1457 1493 τῆς
1482 1440 1671 1495 γεφύρας
1689 1443 1760 1483 πέ-

313 1523 444 1560 τρας·
513 1509 586 1547 καί
617 1507 659 1547 ἐν
689 1505 824 1561 ἐκείνῃ
845 1506 897 1560 τῇ
928 1506 1049 1545 νυκτί
1080 1503 1210 1546 πολλοὶ
1241 1506 1404 1546 ἐναντία
1433 1506 1645 1558 ἐπάθομεν
1674 1505 1792 1547 α’πόα

311 1587 357 1612 τε
377 1570 544 1624 ψύχους
567 1571 640 1612 καί
655 1573 796 1618 πείνας
824 1571 896 1611 καί
922 1569 1004 1611 cino
1035 1571 1104 1625 τῆς
1126 1571 1346 1625 ξηρότητος
1373 1573 1453 1613 τῶν
1481 1574 1642 1627 πετρῶν
1674 1569 1756 1612 οἷπό

311 1652 356 1678 τε
386 1637 523 1693 φόβου
554 1638 638 1679 ταῖν
663 1638 820 1694 λῃστῶν
849 1638 919 1677 καί
948 1638 1029 1677 τῶν
1057 1634 1137 1677 dno
1177 1639 1250 1677 τοῦ
1289 1636 1538 1692 Τουραχάνη
1575 1639 1757 1692 στρατοῦ

409 1788 436 1809 ι.
466 1775 555 1822 ἔμβῃ
583 1776 646 1808 καὶ
668 1776 719 1813 εἰς
746 1775 769 1807 Ρ
905 1775 935 1817 4.
962 1772 1128 1818 Εὔβοιαν
1161 1775 1182 1807 Ρ
1309 1775 1358 1806 16.
1382 1770 1487 1821 παρὰ
1515 1774 1565 1820 τῷ
1592 1772 1755 1822 ἄμηρᾷΡ

969 1839 983 1851 ,ς

408 1855 459 1888 ¹7·
486 1842 673 1894 ΕὗβοίςιῬ
790 1843 839 1876 ιδ.
867 1833 935 1876 κθη
964 1851 1007 1885 ην
1034 1840 1116 1888 αὖγ.
1148 1842 1173 1875 Ρ
1305 1853 1360 1876 20.
1388 1843 1428 1878 ἐν
1452 1835 1475 1890 ᾗ
1500 1845 1564 1877 καὶ
1587 1838 1700 1879 πολλοὶ
1729 1845 1754 1877 Ρ

307 1957 524 1990 Venetorum
560 1955 786 1988 mercatorias
829 1959 1112 2008 exspectantem,
1154 1954 1284 2000 quibus
1316 1956 1354 1987 in
1387 1954 1513 1988 urbem
1538 1955 1751 1998 veheretur,

308 2004 438 2037 frustra
463 2008 628 2046 suscepto
650 2003 800 2042 itinere,
826 2002 983 2046 perveni.

405 2061 456 2082 11.
507 2049 624 2095 Quum
649 2050 849 2081 conscensis
876 2048 1093 2081 Venetorum
1120 2047 1325 2081 triremibus
1351 2049 1569 2081 venissemus
1609 2048 1647 2082 in
1675 2048 1750 2082 Eu-

306 2097 435 2142 ripum,
469 2096 582 2129 visum
619 2102 672 2129 est
697 2095 841 2128 domino
868 2106 972 2136 meo,
1007 2095 1149 2128 mittere
1185 2106 1241 2127 me
1266 2094 1310 2127 ad
1343 2095 1588 2128 Turachanem
1614 2094 1749 2129 Thebis

303 2149 513 2184 versantem,
538 2148 578 2175 ut
596 2142 640 2175 de
657 2142 803 2176 Athenis
823 2153 902 2174 cum
917 2153 959 2174 eo
987 2152 1138 2185 agerem.
1175 2142 1203 2173 is
1230 2141 1479 2175 advenientem
1504 2153 1560 2175 me
1587 2141 1750 2188 hilariter

304 2191 463 2235 excepit,
500 2189 753 2234 affirmavitque
778 2201 857 2222 cum
882 2188 1129 2229 iureiurando,
1163 2188 1260 2221 istud
1285 2188 1314 2221 si
1338 2190 1516 2230 novisset,
1541 2190 1748 2234 priusquam

303 2237 410 2270 domo
432 2236 503 2270 huc
519 2236 700 2281 proiectus
720 2241 823 2274 esset,
845 2247 908 2280 pro
925 2246 1054 2275 anime,
1072 2247 1143 2279 quo
1169 2236 1206 2268 in
1223 2235 1406 2279 despotam
1426 2242 1530 2276 esset,
1551 2241 1587 2268 et
1602 2241 1750 2281 propter

302 2285 467 2317 notitiam
489 2284 571 2324 mei,
592 2282 758 2323 libenter,
773 2282 869 2327 quod
893 2288 1063 2327 peterem,
1078 2283 1249 2315 facturum
1267 2282 1389 2323 fuisse,
1410 2282 1587 2328 siquidem
1610 2282 1748 2316 iniussu

302 2332 421 2375 magui
445 2341 580 2363 amerae
607 2329 675 2362 hoc
699 2330 840 2362 fecisset
865 2335 902 2362 et
943 2328 1038 2361 domi
1068 2329 1237 2373 plurimas
1262 2330 1441 2374 potuisset
1483 2340 1604 2362 causas
1638 2340 1746 2374 prae—

302 2378 448 2410 tendere
467 2403 475 2418 ‚
498 2388 594 2409 nunc
618 2377 753 2409 nullam
779 2381 910 2421 posset„
937 2375 1095 2408 habebat
1129 2382 1248 2409 autem
1271 2387 1326 2408 me
1350 2376 1506 2420 benigne
1536 2381 1572 2409 et
1596 2375 1747 2408 honori-

301 2424 386 2465 fice,
416 2435 456 2457 ac
481 2424 573 2456 {ilios
609 2424 717 2456 etiam
743 2434 798 2456 me
824 2423 1016 2456 salutatum
1053 2422 1222 2463 adduxit,
1258 2434 1390 2468 eosque
1423 2422 1514 2456 mihi
1537 2428 1574 2456 et
1598 2422 1743 2456 domino

300 2481 379 2503 meo
408 2469 686 2504 commendavit:
719 2481 737 2502 e
764 2469 893 2515 quibus
920 2481 1010 2502 unus
1037 2469 1127 2510 suit,
1153 2470 1215 2514 qui
1241 2469 1350 2502 hodie
1375 2470 1510 2503 nobilis
1535 2475 1572 2503 et
1594 2480 1743 2514 magnus

300 2527 434 2551 ameras
474 2523 538 2551 est.
589 2516 658 2550 hoc
690 2517 799 2561 igitur
830 2516 935 2549 modo
975 2515 1108 2549 infecta
1141 2527 1177 2548 re
1224 2516 1328 2549 redii.
1374 2528 1482 2562 quum
1516 2521 1636 2549 autem
1672 2515 1744 2548 Eu-

299 2563 416 2608 ripum
441 2565 503 2609 qui
537 2563 766 2605 accolebant,
803 2563 891 2596 licet
925 2563 1048 2604 inviti,
1073 2569 1220 2606 pontem
1252 2564 1482 2597 sustulissent
1506 2562 1568 2596 die
1593 2563 1742 2607 Augusti

301 2621 366 2654 29,
391 2621 454 2644 nos
482 2622 557 2643 eam
581 2617 723 2644 noctem
759 2616 857 2643 extra
890 2614 1034 2654 pontem
1061 2609 1154 2642 iuter
1183 2622 1264 2643 saxa
1286 2611 1540 2654 transegimus,
1569 2615 1606 2642 et
1629 2609 1742 2642 multa

299 2655 444 2689 adversa
469 2668 487 2689 a
512 2658 661 2701 frigore,
687 2657 778 2690 fame
805 2662 841 2690 et
863 2656 995 2689 duritie
1027 2667 1188 2689 saxorum
1206 2683 1214 2697 ,
1248 2669 1267 2689 a
1293 2658 1418 2691 timore
1454 2657 1540 2691 item
1564 2655 1742 2690 latronum

299 2707 336 2736 et
358 2703 510 2737 militum
534 2705 752 2738 'I'uraclianis
778 2704 1010 2755 pertulimus,
1035 2704 1202 2748 quoniam
1229 2705 1311 2749 equi
1334 2704 1468 2747 nostri,
1497 2714 1586 2749 quos
1611 2714 1631 2736 e
1656 2703 1740 2738 Lie-
