1806 3190
491 197 593 237 Llss.
621 199 675 237 11.
723 195 839 238 CAP.
867 197 974 237 xix.
1357 180 1459 252 ¹95

26 305 128 360 μηνὶ
151 304 228 345 τοῦ
251 302 381 344 αὐτοῦ
402 301 521 353 ἔτους
540 305 767 359 ἐρχομένου
793 307 870 347 τοῦ
888 303 1093 347 αὕθέντου
1114 318 1197 356 μου
1226 305 1298 347 καί
1316 304 1467 347 δεσπό-

27 384 101 418 ιῖου
130 368 208 423 κύρ
233 371 552 411 Κωνσταντίνου
571 372 631 418 εἰς
658 368 858 425 βοήθειαν
885 372 957 425 τῆς
984 369 1166 423 πόλεως,
1189 369 1262 412 καί
1292 369 1361 411 διὰ
1391 373 1468 426 τῆς

28 438 204 489 Λέσβου
244 433 503 488 διελθόντος,
542 435 665 489 ἔλαβε
704 437 776 477 καί
815 434 892 489 τὴν
938 437 1156 477 δέσποιναν
1202 434 1276 490 τήν
1314 432 1469 478 ἑαυτοῦ

23 500 212 555 Ἷσύζυγον
245 503 341 553 μεθ’
370 497 551 542 ἑαυτοῦ·
608 499 680 543 καί
719 503 763 542 ἐν
803 503 855 555 τῇ
893 500 1056 558 Λήμνῳ
1092 499 1286 551 ἐλθόντος
1329 504 1471 544 ἐπολε-

42 563 151 621 ’ήθη
179 562 260 606 ὑπὸ
291 566 368 606 τοῦ
396 563 547 608 στόλου
577 565 727 614 παντὸς
756 568 839 607 τῶν
872 565 1067 620 Τούρκων
1098 564 1274 620 ἡμέραις
1300 572 1473 617 πολλαῖς

28 633 124 689 ἐκεῖ
147 630 408 684 εὑρεθέντος·
463 632 513 688 τῇ
541 633 586 673 δὲ
614 633 720 672 θεοῦ
749 634 926 688 βοηθείᾳ
956 632 1140 685 ἀπῆλθεν
1169 627 1375 688 ἄπρακτος
1401 629 1472 674 ἀπ’

35 698 168 741 αὐτοῦ
209 693 230 737 ὃ
272 697 426 746 στόλος.
506 696 532 751 ἦ
573 698 619 739 δὲ
667 699 863 739 δέσποινα
898 695 924 750 ἦ
963 696 1114 738 τούτου
1152 696 1347 747 σύνευνος
1389 697 1471 739 ἀπὸ

35 763 111 817 τῆς
157 759 440 816 περιστάσεως
480 759 752 815 ἅσθενήσασα
802 763 873 803 καί
915 763 1173 815 ἑκτρωθεῖσα
1212 765 1268 819 τῷ
1303 762 1477 816 Αὐγού-

37 843 120 886 στῳ
149 827 252 882 μηνί
276 830 350 870 τοῦ
378 828 509 868 αὐτοῦ
542 825 662 877 ἔτους
687 829 747 876 εἰς
787 825 832 868 τὸ
864 824 1220 880 Παλαιόκαστρον
1244 830 1317 868 τοῦ
1343 829 1477 870 αὕτοὸ

34 895 111 948 ,τῆς
136 890 314 947 Λήμνου
335 893 478 947 νησίου
508 893 689 933 ἀπέθανε
717 893 789 933 καί
816 890 961 948 ἐτάφη.
1036 893 1108 932 καί
1135 892 1187 948 τῇ
1217 892 1268 933 ιδ’
1295 894 1369 934 τοῦ
1400 896 1477 934 Σε-

37 959 266 1014 πτεμβρίου
293 956 429 1012 μηνὸς
455 959 530 999 τοῦ
550 956 681 1018 ’ςῧνοί
713 955 831 1006 ἔτους
855 955 1054 1012 ἐγεννήθη
1068 973 1142 1009 μοι
1170 956 1191 999 ὅ
1219 959 1359 1011 ἕτερος
1387 957 1479 1008 υἱὸς

32 1023 234 1074 Ἀλέξιος.
293 1023 363 1064 καί
389 1024 446 1078 τῷ
475 1025 697 1081 Νοεμβρίῳ
734 1024 834 1078 μηνί
859 1026 934 1064 τοῦ
963 1023 1092 1064 αὐτοῦ
1123 1021 1239 1072 ἔτους
1268 1018 1393 1078 ἦλθεν
1420 1023 1479 1074 εἷς

37 1087 113 1144 τὴν
145 1085 263 1130 πόλιν
303 1087 325 1129 ὅ
356 1088 558 1143 δεσπότης
603 1090 675 1130 καί
702 1089 909 1142 αὐθέντης
939 1104 1037 1141 μου.
1097 1089 1170 1129 καί
1196 1089 1248 1145 τῇ
1278 1087 1313 1130 α’
1346 1092 1480 1143 Μαρ-

37 1155 127 1197 τιόυ
155 1152 280 1207 ἔλαβε
310 1151 392 1195 α’πὸ
424 1152 496 1196 τὸν
525 1155 703 1206 βασιλέα
732 1154 807 1208 τήν
821 1155 1110 1209 Σηλυμβρίαν,
1141 1153 1213 1195 καί
1240 1154 1480 1196 ἀπέστειλεν

39 1220 114 1273 ἐμὲ
141 1221 275 1262 ἐκεῖσε
303 1222 487 1271 διοικεῖν,
519 1222 592 1261 καί
618 1218 752 1269 οὕτως
788 1221 1012 1273 προσέταξέ
1042 1235 1116 1272 μοι
1145 1220 1372 1275 φυλάττειν
1401 1221 1481 1261 av'-

37 1284 114 1340 τῆν
141 1285 243 1338 μετὰ
288 1287 528 1338 ἐπιμελείας
574 1283 644 1326 dio}
697 1283 770 1337 τήν
811 1286 998 1337 ὑποψίαν
1035 1283 1085 1339 ἢν
1122 1284 1290 1339 εἴχομεν
1326 1287 1370 1326 ἐκ
1406 1285 1480 1327 τοῦ

39 1349 186 1405 οἷμηρᾶ
226 1351 298 1390 καί
326 1350 401 1389 τοῦ
438 1349 641 1390 δεσπότου
682 1347 759 1403 κύρ
795 1352 1041 1404 Δημητρίου
1070 1352 1142 1391 καί
1172 1351 1304 1391 αὐτοῦ
1327 1349 1378 1405 δή
1409 1341 1484 1392 wi]

38 1418 262 1470 βασιλέως.

154 1481 216 1522 19.
291 1482 358 1536 Τῷ
400 1480 446 1521 δὲ
487 1479 642 1536 ’[ουνίῳ
679 1482 780 1534 μηνί
819 1481 894 1520 τοῦ
934 1478 1069 1520 αὐτοῦ
1117 1478 1235 1528 ἔτους
1267 1474 1397 1534 ἦλθεν
1426 1481 1486 1530 εἰς

46 1545 484 1589 Κωνσταντινούπολιν
511 1548 637 1588 Λέων
671 1544 692 1586 ὅ
723 1543 1052 1599 Φραγκόπουλος
1089 1545 1110 1586 ὃ
1140 1544 1488 1600 πρωτοστράτωρ,

42 1611 65 1658 ὁ
95 1612 157 1652 ἐπ’
191 1610 357 1667 ἀδελφῇ
399 1609 491 1660 υἱος
529 1614 603 1652 τοῦ
630 1609 761 1652 πάλαι
803 1611 986 1664 μεγάλου
1016 1609 1384 1666 πρωτοστροὶτορος
1415 1616 1494 1653 Νι-

43 1674 228 1733 κηφόρον
267 1679 344 1718 τοῦ
370 1679 676 1731 Μελισσηνοῦ,
706 1674 754 1718 ὃν
798 1676 823 1730 ἦ
866 1675 1028 1731 ἱστορία
1061 1678 1252 1729 α’λλαχοῦ
1294 1673 1490 1730 ἐδήλωσε.

46 1743 119 1789 διὰ
149 1744 269 1784 τοῦτο
288 1744 362 1785 καί
383 1741 459 1798 τὴν
480 1741 748 1798 ἐπιτροπικήν
774 1746 851 1784 τοῦ
867 1745 1173 1798 Ζηεσσηνιακοῦ
1190 1739 1343 1783 κόλπου
1373 1745 1492 1796 ‹hilgi-

142 1847 193 1870 ιι.
221 1836 239 1871 ὃ
271 1847 326 1869 om
355 1838 381 1870 P
450 1878 457 1891 =
502 1838 551 1879 ¹4·
577 1838 788 1891 Σηλυβρίαν
810 1837 835 1870 Ρ
954 1847 1004 1881 ¹7·
1028 1833 1125 1882 πρὸς
1150 1833 1216 1871 τὸν
1239 1837 1393 1881 βασιλέα
1416 1837 1490 1871 τῶν

141 1882 317 1930 Τούρκων
335 1887 397 1918 καὶ
422 1896 487 1919 τον
516 1884 698 1927 δεσπότην
722 1896 794 1931 κυρ
814 1882 1024 1929 Δημήτριον
1039 1887 1103 1918 καὶ
1125 1879 1240 1918 αὐτὸν
1269 1882 1311 1926 δή
1337 1878 1401 1919 τὸν
1423 1888 1490 1928 βα-

141 1931 244 1966 σιλέα
267 1931 292 1964 Ρ
414 1942 464 1976 ¹9·
491 1925 660 1966 εἰκοστὸν
685 1931 711 1964 Ρ
834 1931 959 1976 ἰουλίῳ
983 1931 1008 1964 Ρ
1124 1942 1180 1965 20.
1208 1931 1326 1975 λὲγων
1351 1931 1390 1964 Μ

47 2019 129 2054 dem
154 2021 238 2054 anni
264 2020 519 2055 Constantinus
545 2021 706 2067 despota,
736 2021 901 2055 dominus
926 2032 1038 2062 meus,
1064 2020 1107 2054 ad
1138 2032 1241 2066 opem
1265 2020 1343 2054 urbi
1370 2021 1490 2054 feren-

48 2067 126 2102 dam
150 2079 215 2113 per
237 2068 390 2102 Lesbum
410 2069 650 2114 proficiscens,
674 2069 858 2113 coniugem
878 2068 1094 2114 despoenam
1120 2079 1239 2101 secum
1262 2067 1422 2101 abduxit.
1449 2068 1489 2101 in

47 2114 221 2153 Lemnum
245 2120 286 2149 ut
299 2116 410 2157 venit,
438 2116 600 2150 universa
624 2128 703 2149 eum
721 2116 843 2148 classis
859 2116 1067 2155 Turuarnm,
1090 2126 1181 2159 quae
1211 2115 1287 2148 dies
1311 2115 1361 2147 ibi
1389 2126 1488 2147 com-

40 2195 42 2197 ,
74 2161 170 2195 lures
194 2166 352 2204 steterat,
377 2163 616 2208 oppugnavit,
646 2163 709 2195 sed
735 2162 857 2195 divino
885 2163 1019 2196 auxilio
1046 2162 1178 2196 factum
1204 2167 1266 2202 est,
1292 2167 1332 2195 ut
1358 2167 1490 2194 conatu

48 2172 152 2244 frrito
184 2208 394 2243 discederet.
429 2209 611 2254 despoena
647 2215 790 2249 autem,
829 2209 904 2242 eius
932 2209 1085 2248 coniux,
1120 2219 1163 2241 ex
1187 2220 1229 2242 eo
1256 2219 1338 2241 casu
1361 2208 1488 2241 morbo

0 2283 2 2293 .
49 2261 231 2300 correpta,
262 2255 390 2290 abortu
421 2257 535 2297 sacto,
565 2259 722 2300 Angusto
762 2267 882 2289 mense
919 2255 1077 2289 eiusdem
1117 2257 1203 2288 anni
1239 2255 1489 2296 Palaeocmtri,

0 2332 3 2339 ‚
77 2301 149 2335 nod
178 2307 233 2335 est
259 2303 358 2336 illius
381 2304 518 2336 insulae
547 2303 731 2348 oppidum,
760 2303 928 2336 defuncta
957 2309 993 2337 et
1017 2303 1158 2347 sepulta
1183 2308 1247 2335 est.
1273 2301 1488 2334 duodecimo

50 2311 109 2387 aie
135 2350 266 2383 mensis
292 2350 510 2395 Septembris
530 2351 617 2393 6951
654 2351 743 2383 alius
767 2351 860 2383 filius
881 2350 968 2383 mihi
1001 2355 1106 2382 natus
1131 2354 1206 2390 est,
1222 2349 1389 2381 Alexius:
1416 2359 1488 2393 quo

0 2426 4 2432 ,
49 2394 176 2429 eodem
203 2407 315 2437 anno,
345 2408 463 2430 mense
487 2397 704 2438 Novembri,
737 2397 884 2442 despota
909 2402 946 2430 et
979 2396 1144 2430 dominus
1177 2407 1274 2428 meus
1302 2395 1339 2427 in
1365 2395 1490 2428 urbem

49 2441 219 2482 advenit,
253 2449 289 2477 et
323 2444 480 2476 calendis
507 2444 643 2477 Martiis
680 2444 722 2476 ab
766 2445 977 2488 imperatore
1010 2443 1206 2487 Selymbria
1244 2441 1415 2482 donatus,
1444 2443 1490 2475 ad

50 2487 363 2523 administrandam
388 2501 465 2524 eain
488 2501 545 2523 me
573 2491 770 2535 ablegavit,
796 2490 1013 2531 cohortatus,
1040 2496 1080 2523 ut
1105 2501 1181 2522 eain
1207 2488 1399 2532 diligenter
1425 2500 1488 2521 cu-

49 2535 233 2578 audirem,
260 2542 406 2582 propter
434 2538 671 2582 suspicionem
687 2564 696 2578 ‚
725 2549 797 2583 qua
824 2549 975 2571 ameram
1001 2543 1036 2571 et
1060 2536 1277 2570 Demetrium
1303 2535 1490 2580 despotam

51 2581 236 2628 ipsumque
265 2585 514 2629 imperatorem
538 2583 771 2617 habebamus.

149 2641 199 2674 19-
250 2631 375 2664 Mense
402 2631 507 2664 Iunio
538 2631 695 2665 eiusdem
735 2631 819 2665 anni
844 2630 985 2676 Cpolim
1008 2629 1107 2663 venit
1135 2629 1205 2662 Leo
1231 2628 1488 2674 Francopulus‚

50 2679 296 2720 protostrator,
324 2678 420 2712 filius
445 2679 572 2712 sororis
585 2677 776 2723 Nicephori
800 2678 997 2716 Melisseni‚
1021 2675 1137 2719 magni
1162 2674 1343 2719 quondam
1366 2681 1491 2721 proto-

51 2724 233 2763 stratoris,
258 2723 302 2756 de
327 2735 398 2771 quo
425 2725 496 2758 alio
522 2724 628 2759 huius
656 2725 829 2759 historiae
858 2726 937 2758 loco
964 2723 1099 2756 dictum
1126 2727 1197 2755 est:
1224 2733 1293 2766 qua
1317 2722 1360 2755 de
1383 2734 1491 2756 causa

51 2767 170 2811 idem,
212 2781 341 2818 nempe
383 2777 422 2807 ut
463 2782 575 2818 nepos
601 2772 699 2806 illius
737 2772 855 2817 magni
881 2769 1157 2817 protostrator-is,
1185 2768 1280 2803 iussu
1307 2769 1490 2804 Theodori
