1806 3190
294 113 403 168 ὅου
690 129 914 171 lOANle
952 127 1314 170 ANAGNos'rAE

288 232 482 286 ρηκέναι,
513 230 583 269 καί
611 228 668 276 ὦς
710 233 832 269 πλοῖα
862 225 1253 282 παρασκευάσειαν,
1283 228 1356 268 καί
1377 227 1543 276 τούτοις
1568 228 1619 270 ἵν’
1648 227 1729 270 α’πό

286 298 363 339 τοῦ
389 293 494 337 κατὰ
523 294 737 335 θάλατταν
763 295 919 348 μέρους
958 291 1088 341 ἰόντες
1129 295 1235 346 πρὸς
1273 291 1415 342 διττάς
1440 291 1728 347 ἀναγκάσωσιν

287 363 398 417 ἡμᾶς
437 361 724 414 ἀσχοληθῆναι
767 361 1007 414 φροντίδας,
1074 357 1096 399 ὃ
1122 358 1193 399 καί
1224 358 1392 414 σφόδρα
1424 358 1497 408 τὰς
1524 359 1728 412 ἡμετέρας

209 437 276 474 338
289 426 434 480 ψυχάς
465 424 680 478 διετάραξε
709 427 782 466 καί
808 427 867 473 εἰς
893 427 1069 479 α’πορίαν
1096 426 1287 478 ἐνέβαλεν
1318 421 1418 479 ὅσην
1435 457 1447 476 ,
1487 424 1544 472 ὥς
1567 423 1728 478 βλάβην
1805 469 1806 481 ¹

285 493 387 549 ἡμῖν
416 492 644 543 δυνάμενον
672 487 722 531 οὗ
746 490 820 545 τήν
844 492 1056 544 τυχοῦσαν
1084 492 1319 545 ἐπαγαγεῖν.
1346 493 1482 544 δείλης
1508 493 1765 546 τοιγαροῦν5
1805 488 1806 491 '

285 560 467 611 ταυτησί
501 558 771 611 γεγενημένης
804 559 877 610 τῆς
903 557 1096 610 ἀγγελίας
1106 589 1118 609 ,
1145 558 1217 597 καί
1244 553 1410 597 πάντων
1439 555 1557 610 ἡμῶν
1585 557 1630 598 έν
1657 571 1730 598 πε-

286 621 470 680 ριστάσει
502 625 575 664 καί
602 626 814 677 λογισμοῖς
854 616 981 664 ὄντων
1011 625 1097 672 πῶς
1128 619 1179 664 ἂν
1209 624 1499 676 διατεθείημεν
1523 621 1628 677 πρὸς
1658 623 1731 664 τὸν

286 691 481 742 πόλεμον,
513 687 646 743 πάσης
672 705 716 730 τε
745 687 896 742 σχεδὸν
938 689 1102 742 ἡλικίας
1132 683 1256 743 οὔσης
1285 689 1329 729 έν
1359 687 1612 742 ἐγρηγόρσει,
1639 686 1732 742 δεή-

286 771 374 804 σεις
403 757 578 803 ἐκτενεῖς
605 756 692 812 θεῷ
720 757 791 795 καί
816 756 872 810 τῷ
899 751 1141 811 μυροβλύτῃ
1168 753 1352 808 μάρτυρι
1373 755 1469 795 καθ’
1499 751 1598 809 ὅλην
1629 756 1729 795 ἐκεί·

286 838 361 876 νην
387 820 679 875 προσαγόντων
706 819 782 874 την
809 818 933 861 νύκτα
967 819 1138 873 (πάντες
1164 818 1244 874 γάρ
1284 815 1442 876 ᾔδεσαν
1469 820 1514 860 έν
1538 821 1628 877 χρῷ
1657 821 1732 861 τοῦ
1751 837 1796 864 ιο

287 886 481 929 κινδύνου
511 888 856 941 καθεστηκέναι),
902 883 940 927 οἱ
969 889 1147 927 Λατῖνοι
1175 888 1274 939 περὶ
1301 888 1456 926 πολλοῦ
1487 885 1533 927 τὸ
1565 887 1642 926 τοῦ
1667 888 1734 928 αἰ.

286 955 440 1008 γιαλοῦ
468 952 710 1004 ποιούμενοι
737 954 864 1005 μέρος
905 950 974 992 διὰ
1013 950 1089 999 τοὶς
1117 957 1229 1005 τρεῖς
1262 950 1309 992 αἲ
1327 952 1519 1005 παρῆσαν
1543 954 1592 1008 τῇ
1619 950 1734 992 πόλει

287 1018 494 1074 τριήρεις,
530 1017 587 1072 μὴ
622 1017 752 1071 πυρὸς
785 1016 904 1071 ἔργον
930 1014 1086 1065 ταύτας
1114 1014 1307 1064 ἐλθόντες
1336 1014 1375 1057 οἱ
1409 1019 1586 1071 Τοῦρκοι
1616 1017 1734 1071 ποιή-

288 1101 421 1137 σωσι,
451 1082 549 1132 τοὺς
585 1088 706 1137 σφῶν
734 1083 920 1136 τοξότας,
950 1086 1280 1135 μεμερισμένους
1317 1077 1438 1131 ὄντας
1467 1081 1538 1124 ἐπὶ
1566 1084 1737 1139 φυλακῇ

288 1153 372 1192 ταῖν
399 1151 563 1203 τειχῶν,
592 1149 889 1204 ὑπαναχωρεῖν
916 1147 1070 1196 αὐτοὺς
1098 1147 1325 1202 περιιόντες
1344 1150 1594 1202 ἐπέσκηπτον
1611 1180 1623 1202 ,
1653 1149 1735 1190 τῶν
1754 1151 1800 1194 ι5

291 1211 431 1257 ἄλλων
459 1214 537 1269 τήν
575 1217 726 1268 σκέψιν
766 1212 922 1268 ταύτην
963 1214 1020 1268 μὴ
1047 1214 1344 1268 γινωσκόντων,
1375 1216 1472 1269 μηδ’
1502 1210 1603 1268 ὅπερ
1633 1215 1737 1256 ἐκεί-

289 1298 377 1330 νοις
402 1279 426 1336 ἢ
462 1279 542 1322 dno
572 1281 653 1322 τῶν
681 1283 832 1333 τειχῶν
861 1280 1060 1333 βούλεται
1091 1278 1369 1334 ἀναχώρησις.
1426 1282 1466 1323 εἰ
1489 1279 1567 1334 γὰρ
1606 1283 1738 1321 καθα-

291 1350 374 1403 ρῶς
402 1346 607 1401 ἐγύμνουν
647 1345 694 1388 τὸ
727 1349 930 1400 πρᾶγμα,
969 1345 1026 1394 ὠς
1067 1347 1137 1387 ἐπί
1163 1348 1331 1402 φυλακῇ
1368 1348 1442 1388 τοῦ
1469 1348 1633 1399 λιμένος
1668 1349 1741 1388 καί

290 1417 374 1456 τῶν
403 1416 584 1468 τριηρῶν
620 1411 951 1466 καταβιβάζουσι
990 1411 1159 1460 τούτους
1186 1413 1261 1452 τοῦ
1293 1413 1486 1466 τείχους,
1524 1412 1740 1460 εὐέλπιδες

294 1476 347 1521 ἂν
373 1475 480 1535 ἦσαν
509 1478 547 1520 οἱ
578 1480 936 1533 περιλελειμμένοι
962 1481 1018 1534 τῷ
1042 1478 1183 1530 τείχει,
1215 1479 1287 1518 καί
1315 1479 1390 1518 ου’κ
1419 1474 1470 1520 ἂν
1498 1476 1637 1534 φυγήν
1664 1477 1737 1518 αὖ·
1752 1495 1804 1522 ao

294 1546 376 1588 τῶν
419 1543 708 1586 ὕπετόπασαν.
779 1545 868 1585 ἀλλ’
907 1540 1054 1598 ἥκιστα
1093 1545 1253 1597 γέγονεν
1283 1541 1417 1597 οὕτω,
1459 1543 1738 1598 κᾶντεῦθενῆ

217 1612 462 1669 339έκείνων
489 1609 570 1652 α’πὸ
598 1613 674 1651 τοῦ
701 1611 866 1663 τείχους
903 1607 1114 1658 διάστασις
1142 1611 1300 1650 δειλίαν
1343 1610 1392 1650 οὗ
1421 1608 1498 1663 την
1525 1610 1741 1662 τυχοῦσαν

295 1682 387 1726 ταῖς
412 1675 606 1719 ἁπάντων
623 1678 741 1731 ἐνῆκε
761 1681 938 1730 ψυχαῖς,
960 1677 1031 1717 καί
1061 1673 1165 1716 κατὰ
1192 1673 1236 1717 τὸ
1269 1676 1397 1729 μέσον
1421 1673 1522 1717 αὐτὸ
1554 1677 1627 1730 τῆς
1666 1691 1739 1716 νυ-

390 1810 423 1833 2.
447 1799 512 1834 τοῦ
537 1811 593 1833 om
615 1799 645 1833 A

298 1913 361 1936 ves
386 1905 535 1948 quoque
558 1913 809 1948 praeparasse,
835 1901 966 1947 quibus
983 1914 1047 1947 per
1071 1913 1165 1934 mare
1193 1902 1392 1946 irrumpens
1417 1900 1550 1946 duplici
1573 1911 1638 1934 nos
1662 1912 1740 1933 mo-

300 1950 406 1983 lestia
425 1950 619 1982 afflictaret.
649 1949 712 1982 sed
733 1950 973 1994 maximopere
998 1950 1153 1982 rationes
1171 1955 1308 1981 nostras
1328 1948 1563 1987 conturbavit,
1588 1959 1740 1992 suspen-

300 2008 431 2041 sosque
448 1996 509 2028 diu
528 1997 645 2029 tenuit
659 1997 807 2036 animos,
826 2002 993 2041 tanquam
1009 1996 1105 2042 quod
1122 1997 1246 2039 ingens
1265 2001 1531 2040 apportaturum
1548 2000 1642 2028 esset
1666 2006 1741 2028 ma·

299 2044 398 2086 lum3
429 2049 465 2076 et
489 2043 706 2076 discruciatis
734 2049 876 2087 pectore
902 2045 1098 2076 consistere
1127 2043 1268 2075 consilii
1293 2042 1383 2074 nihil
1406 2047 1558 2087 poterat.
1585 2041 1654 2075 hoc
1679 2054 1738 2074 ac—

300 2097 405 2135 cepto
431 2091 565 2123 nuncio
591 2089 656 2123 sub
681 2101 874 2134 vesperam,
901 2102 979 2122 cum
995 2091 1100 2123 variis
1129 2089 1399 2123 necessitatibus
1426 2099 1641 2132 urgeremur,
1667 2088 1741 2121 dis-
1797 2130 1800 2135 Ι

301 2137 597 2182 traheremurque
628 2137 916 2170 solicitudinibus
944 2149 1015 2180 quo
1040 2142 1145 2182 pacto
1171 2147 1237 2170 nos
1271 2137 1310 2168 in
1331 2136 1428 2168 bello
1455 2146 1678 2179 gereremus,
1703 2140 1741 2168 et

301 2185 418 2217 omnis
452 2185 635 2217 hominum
674 2190 769 2216 aetas
806 2184 1008 2227 evigilaret,
1046 2195 1169 2229 preces
1195 2183 1262 2216 deo
1292 2188 1328 2215 et
1350 2182 1572 2225 myroblytae
1597 2181 1743 2225 martyri
1797 2184 1806 2224 ξ

302 2243 368 2276 per
405 2237 512 2264 totam
550 2232 648 2263 iliam
683 2236 824 2264 noctem
859 2231 1093 2271 effundimus,
1128 2231 1316 2263 imminens
1342 2229 1518 2274 siquidem
1544 2230 1743 2275 periculum
1769 2236 1806 2263 ’ἶ

303 2284 513 2323 certumque
551 2284 632 2311 ante
673 2279 794 2310 oculos
820 2284 907 2310 erat.
971 2278 1090 2310 Latini
1123 2289 1206 2311 vero
1232 2282 1365 2321 partem
1403 2276 1519 2309 litoris
1543 2275 1742 2321 pendentes

304 2325 460 2366 maximi,
489 2326 594 2358 trium
620 2325 814 2357 triremium
838 2336 952 2366 causa,
981 2336 1072 2369 quae
1098 2325 1135 2357 in
1159 2325 1282 2356 urbem
1309 2328 1591 2368 penetraverant,
1613 2333 1659 2356 ne
1683 2334 1743 2355 eas

305 2371 455 2404 flammis
492 2383 554 2405 suo
588 2371 743 2405 adventu
772 2372 909 2404 Turcae
953 2371 1202 2411 absumerent,
1235 2371 1434 2414 sagittarios
1469 2369 1514 2402 ad
1547 2368 1745 2403 custodiam
1789 2395 1795 2401 .

306 2430 487 2451 murorum
511 2418 718 2463 dispartitus
744 2418 910 2451 secedere
927 2444 935 2457 ‚
965 2419 1036 2450 alio
1069 2425 1175 2463 atque
1199 2418 1272 2450 alio
1305 2418 1521 2461 migrantes,
1547 2417 1744 2457 iusserunt,

308 2467 457 2510 reliquis
496 2477 635 2498 causam
670 2466 720 2498 rei
747 2464 991 2509 ignorantibus
1023 2470 1059 2497 et
1087 2464 1176 2509 quid
1201 2476 1219 2497 e
1243 2465 1352 2496 muris
1377 2464 1529 2496 secessio
1565 2464 1742 2496 innueret.

308 2514 442 2545 etenim
470 2513 499 2546 si
526 2513 656 2545 factum
679 2513 788 2557 plane
814 2513 1044 2556 aperuissent,
1070 2512 1114 2544 ad
1141 2510 1416 2544 custodiendum
1442 2511 1580 2543 scilicet
1603 2515 1744 2555 portum
1787 2535 1789 2539 Α

308 2565 345 2592 et
371 2560 533 2593 triremes
557 2570 617 2593 eos
642 2571 662 2591 a
697 2559 807 2592 muris
836 2558 985 2598 avocari,
1011 2559 1072 2602 qui
1104 2559 1142 2590 in
1165 2559 1274 2590 muris
1301 2557 1540 2590 defendendis
1565 2567 1744 2590 remanse—

305 2613 397 2645 rant,
426 2617 489 2651 spe
515 2617 589 2639 non
613 2605 706 2638 mala
730 2606 874 2645 lactati,
909 2606 1026 2648 fugam
1061 2605 1160 2637 illam
1185 2615 1262 2637 esse
1288 2605 1454 2648 suspicati
1480 2615 1553 2637 non
1578 2604 1743 2637 fuissent.
1787 2606 1791 2633 ἶ

308 2652 372 2685 sed
394 2653 431 2685 id
461 2653 532 2685 alio
555 2653 661 2686 modo
686 2653 825 2693 evenit,
851 2658 888 2685 et
905 2663 1027 2685 eorum
1051 2662 1070 2683 a
1094 2652 1203 2684 muris
1223 2662 1380 2684 secessus
1405 2652 1594 2684 maximum
1616 2651 1654 2683 in
1678 2660 1744 2694 pe-

308 2704 406 2733 ctora
430 2700 586 2734 omnium
607 2704 742 2734 metum
766 2699 902 2740 iniecit,
929 2698 1019 2732 adeo
1043 2703 1084 2732 ut
1120 2698 1239 2732 media
1261 2699 1340 2743 ipsa
1363 2704 1468 2732 nocte
1493 2698 1579 2743 fuga
1601 2697 1745 2731 clancu-
