<?xml version="1.0" encoding="UTF-8"?>
<!DOCTYPE html PUBLIC "-//W3C//DTD XHTML 1.0 Transitional//EN"
    "http://www.w3.org/TR/xhtml1/DTD/xhtml1-transitional.dtd">
<html xmlns="http://www.w3.org/1999/xhtml" xml:lang="en" lang="en">
 <head>
  <title>
</title>
<meta http-equiv="Content-Type" content="text/html;charset=utf-8" />
  <meta name='ocr-system' content='tesseract 3.04.00' />
  <meta name='ocr-capabilities' content='ocr_page ocr_carea ocr_par ocr_line ocrx_word'/>
</head>
<body>
  <div class='ocr_page' id='page_1' title='image "./corpusscriptorum19niebuoft_0509.png"; bbox 0 0 1806 3190; ppageno 0'>
   <div class='ocr_carea' id='block_1_1' title="bbox 196 149 1504 223">
    <p class='ocr_par' dir='ltr' id='par_1_1' title="bbox 196 149 1504 223">
     <span class='ocr_line' id='line_1_1' title="bbox 196 149 1504 223; baseline 0 -14"><span class='ocrx_word' id='word_1_1' title='bbox 196 169 267 209; x_wconf 69' lang='grc' dir='ltr'><strong><em>ΒΕ</em></strong></span> <span class='ocrx_word' id='word_1_2' title='bbox 305 169 1026 215; x_wconf 69' lang='lat' dir='ltr'>TrffissALomcENlexcimo</span> <span class='ocrx_word' id='word_1_3' title='bbox 1052 167 1350 211; x_wconf 77' lang='lat' dir='ltr'>NARRATIO.</span> <span class='ocrx_word' id='word_1_4' title='bbox 1393 149 1504 223; x_wconf 71' lang='lat'><strong><em>497</em></strong></span> 
     </span>
    </p>
   </div>
   <div class='ocr_carea' id='block_1_2' title="bbox 0 265 1593 1699">
    <p class='ocr_par' dir='ltr' id='par_1_2' title="bbox 0 265 1593 1699">
     <span class='ocr_line' id='line_1_2' title="bbox 67 265 1511 323; baseline -0.003 -14"><span class='ocrx_word' id='word_1_5' title='bbox 67 282 137 309; x_wconf 82' lang='grc' dir='ltr'><strong><em>τον</em></strong></span> <span class='ocrx_word' id='word_1_6' title='bbox 160 269 220 315; x_wconf 80' lang='grc' dir='ltr'><strong><em>εἷς</em></strong></span> <span class='ocrx_word' id='word_1_7' title='bbox 249 266 375 321; x_wconf 66' lang='grc' dir='ltr'><strong><em>ὀργῆν</em></strong></span> <span class='ocrx_word' id='word_1_8' title='bbox 401 271 498 309; x_wconf 75' lang='grc' dir='ltr'><strong><em>καθ’</em></strong></span> <span class='ocrx_word' id='word_1_9' title='bbox 526 265 644 322; x_wconf 78' lang='grc' dir='ltr'><strong><em>ἡμῶν</em></strong></span> <span class='ocrx_word' id='word_1_10' title='bbox 670 269 906 323; x_wconf 74' lang='grc' dir='ltr'><strong><em>κινησάσης,</em></strong></span> <span class='ocrx_word' id='word_1_11' title='bbox 934 269 1129 310; x_wconf 75' lang='grc' dir='ltr'><strong><em>παιδείαν</em></strong></span> <span class='ocrx_word' id='word_1_12' title='bbox 1157 267 1255 320; x_wconf 78' lang='grc' dir='ltr'><strong><em>ἡμῖν</em></strong></span> <span class='ocrx_word' id='word_1_13' title='bbox 1282 267 1511 320; x_wconf 70' lang='grc' dir='ltr'><em>ἐπενεγκεῖν</em></span> 
     </span>
     <span class='ocr_line' id='line_1_3' title="bbox 66 331 1512 388; baseline -0.001 -15"><span class='ocrx_word' id='word_1_14' title='bbox 66 335 288 374; x_wconf 78' lang='grc' dir='ltr'><strong><em>πταίουσιν</em></strong></span> <span class='ocrx_word' id='word_1_15' title='bbox 318 331 588 386; x_wconf 72' lang='grc' dir='ltr'><em>ἀδιόρθωτα,</em></span> <span class='ocrx_word' id='word_1_16' title='bbox 630 336 696 375; x_wconf 76' lang='grc' dir='ltr'><strong><em>ἵνα</em></strong></span> <span class='ocrx_word' id='word_1_17' title='bbox 740 337 842 388; x_wconf 82' lang='grc' dir='ltr'><strong><em>γοῦν</em></strong></span> <span class='ocrx_word' id='word_1_18' title='bbox 873 333 1034 376; x_wconf 71' lang='grc' dir='ltr'><strong><em>ἑαυτῶν</em></strong></span> <span class='ocrx_word' id='word_1_19' title='bbox 1074 331 1286 387; x_wconf 88' lang='grc' dir='ltr'><strong><em>γενόμενοι</em></strong></span> <span class='ocrx_word' id='word_1_20' title='bbox 1327 333 1399 372; x_wconf 83' lang='grc' dir='ltr'>καί</span> <span class='ocrx_word' id='word_1_21' title='bbox 1434 332 1512 371; x_wconf 79' lang='grc' dir='ltr'><strong><em>τοῦ</em></strong></span> 
     </span>
     <span class='ocr_line' id='line_1_4' title="bbox 66 396 1512 452; baseline -0.003 -13"><span class='ocrx_word' id='word_1_22' title='bbox 66 402 216 439; x_wconf 81' lang='grc' dir='ltr'><strong><em>λοιποῦ</em></strong></span> <span class='ocrx_word' id='word_1_23' title='bbox 242 396 598 452; x_wconf 83' lang='grc' dir='ltr'><strong><em>σωφρονήσωμεν.</em></strong></span> <span class='ocrx_word' id='word_1_24' title='bbox 667 401 709 441; x_wconf 85' lang='grc' dir='ltr'><strong><em>εἰ</em></strong></span> <span class='ocrx_word' id='word_1_25' title='bbox 744 402 790 440; x_wconf 82' lang='grc' dir='ltr'><strong><em>δέ</em></strong></span> <span class='ocrx_word' id='word_1_26' title='bbox 818 416 880 450; x_wconf 79' lang='grc' dir='ltr'><strong><em>τις</em></strong></span> <span class='ocrx_word' id='word_1_27' title='bbox 921 402 1004 441; x_wconf 76' lang='grc' dir='ltr'><strong><em>τῶν</em></strong></span> <span class='ocrx_word' id='word_1_28' title='bbox 1032 399 1130 451; x_wconf 72' lang='grc' dir='ltr'><strong><em>πρὶν</em></strong></span> <span class='ocrx_word' id='word_1_29' title='bbox 1157 396 1512 452; x_wconf 75' lang='grc' dir='ltr'><em>ἀπομνημονεύων</em></span> 
     </span>
     <span class='ocr_line' id='line_1_5' title="bbox 65 463 1512 521; baseline -0.001 -18"><span class='ocrx_word' id='word_1_30' title='bbox 65 463 229 517; x_wconf 81' lang='grc' dir='ltr'><em>χρόνων</em></span> <span class='ocrx_word' id='word_1_31' title='bbox 273 466 345 504; x_wconf 80' lang='grc' dir='ltr'><strong><em>καί</em></strong></span> <span class='ocrx_word' id='word_1_32' title='bbox 365 464 491 505; x_wconf 77' lang='grc' dir='ltr'><strong><em>πάλιν</em></strong></span> <span class='ocrx_word' id='word_1_33' title='bbox 518 465 619 518; x_wconf 79' lang='grc' dir='ltr'><strong><em>ἡμῖν</em></strong></span> <span class='ocrx_word' id='word_1_34' title='bbox 647 463 861 521; x_wconf 74' lang='grc' dir='ltr'><em>ἀντιλέγῃ,</em></span> <span class='ocrx_word' id='word_1_35' title='bbox 890 467 964 506; x_wconf 82' lang='grc' dir='ltr'>καί</span> <span class='ocrx_word' id='word_1_36' title='bbox 993 466 1052 521; x_wconf 74' lang='grc' dir='ltr'><strong><em>τῷ</em></strong></span> <span class='ocrx_word' id='word_1_37' title='bbox 1079 466 1245 516; x_wconf 77' lang='grc' dir='ltr'><strong><em>ποιμένι</em></strong></span> <span class='ocrx_word' id='word_1_38' title='bbox 1274 463 1348 517; x_wconf 75' lang='grc' dir='ltr'><strong><em>τὴν</em></strong></span> <span class='ocrx_word' id='word_1_39' title='bbox 1375 464 1512 504; x_wconf 76' lang='grc' dir='ltr'><strong><em>αἰτίαν</em></strong></span> 
     </span>
     <span class='ocr_line' id='line_1_6' title="bbox 31 527 1516 586; baseline -0.002 -15"><span class='ocrx_word' id='word_1_40' title='bbox 31 527 198 586; x_wconf 78' lang='grc' dir='ltr'><strong><em>5ἐποέγῃ</em></strong></span> <span class='ocrx_word' id='word_1_41' title='bbox 232 534 318 577; x_wconf 75' lang='grc' dir='ltr'><strong><em>τοῖς</em></strong></span> <span class='ocrx_word' id='word_1_42' title='bbox 357 531 642 583; x_wconf 75' lang='grc' dir='ltr'><strong><em>προδεδόσθαι</em></strong></span> <span class='ocrx_word' id='word_1_43' title='bbox 670 531 865 572; x_wconf 77' lang='grc' dir='ltr'><strong><em>ἐθέλουσι</em></strong></span> <span class='ocrx_word' id='word_1_44' title='bbox 892 528 950 584; x_wconf 76' lang='grc' dir='ltr'><strong><em>μη</em></strong></span> <span class='ocrx_word' id='word_1_45' title='bbox 975 529 1027 572; x_wconf 77' lang='grc' dir='ltr'><strong><em>τὰ</em></strong></span> <span class='ocrx_word' id='word_1_46' title='bbox 1057 528 1129 572; x_wconf 83' lang='grc' dir='ltr'><strong><em>ἴσα</em></strong></span> <span class='ocrx_word' id='word_1_47' title='bbox 1157 528 1413 585; x_wconf 76' lang='grc' dir='ltr'><strong><em>φρονήσαντι</em></strong></span> <span class='ocrx_word' id='word_1_48' title='bbox 1441 529 1516 568; x_wconf 75' lang='grc' dir='ltr'><strong><em>καί</em></strong></span> 
     </span>
     <span class='ocr_line' id='line_1_7' title="bbox 65 591 1513 652; baseline -0.001 -17"><span class='ocrx_word' id='word_1_49' title='bbox 65 597 403 652; x_wconf 79' lang='grc' dir='ltr'><strong><em>βουλευσαμένῳ,</em></strong></span> <span class='ocrx_word' id='word_1_50' title='bbox 429 593 670 649; x_wconf 82' lang='grc' dir='ltr'><strong><em>μεμηνότος,</em></strong></span> <span class='ocrx_word' id='word_1_51' title='bbox 698 591 842 650; x_wconf 82' lang='grc' dir='ltr'><strong><em>οἶμαι,</em></strong></span> <span class='ocrx_word' id='word_1_52' title='bbox 881 599 1071 651; x_wconf 79' lang='grc' dir='ltr'><strong><em>κέκτηται</em></strong></span> <span class='ocrx_word' id='word_1_53' title='bbox 1101 592 1339 648; x_wconf 81' lang='grc' dir='ltr'><strong><em>λογισμούς.</em></strong></span> <span class='ocrx_word' id='word_1_54' title='bbox 1397 595 1513 642; x_wconf 79' lang='grc' dir='ltr'><strong><em>πρῶ-</em></strong></span> 
     </span>
     <span class='ocr_line' id='line_1_8' title="bbox 65 658 1512 714; baseline -0.002 -13"><span class='ocrx_word' id='word_1_55' title='bbox 65 675 134 701; x_wconf 78' lang='grc' dir='ltr'><strong><em>τον</em></strong></span> <span class='ocrx_word' id='word_1_56' title='bbox 160 663 238 712; x_wconf 80' lang='grc' dir='ltr'><strong><em>μὲν</em></strong></span> <span class='ocrx_word' id='word_1_57' title='bbox 281 659 362 714; x_wconf 80' lang='grc' dir='ltr'><strong><em>γὰρ</em></strong></span> <span class='ocrx_word' id='word_1_58' title='bbox 402 661 452 701; x_wconf 77' lang='grc' dir='ltr'><strong><em>ου’</em></strong></span> <span class='ocrx_word' id='word_1_59' title='bbox 490 662 568 701; x_wconf 77' lang='grc' dir='ltr'><strong><em>τοῦ</em></strong></span> <span class='ocrx_word' id='word_1_60' title='bbox 593 659 805 714; x_wconf 80' lang='grc' dir='ltr'><strong><em>σχήματος</em></strong></span> <span class='ocrx_word' id='word_1_61' title='bbox 846 663 924 701; x_wconf 80' lang='grc' dir='ltr'><strong><em>τοῦ</em></strong></span> <span class='ocrx_word' id='word_1_62' title='bbox 964 658 1197 713; x_wconf 71' lang='grc' dir='ltr'><strong><em>ἀρχιερέως</em></strong></span> <span class='ocrx_word' id='word_1_63' title='bbox 1225 659 1512 713; x_wconf 75' lang='grc' dir='ltr'><strong><em>στρατηγικῶν</em></strong></span> 
     </span>
     <span class='ocr_line' id='line_1_9' title="bbox 66 723 1515 780; baseline -0.002 -14"><span class='ocrx_word' id='word_1_64' title='bbox 66 723 324 779; x_wconf 75' lang='grc' dir='ltr'><strong><em>πραγμάτων</em></strong></span> <span class='ocrx_word' id='word_1_65' title='bbox 353 724 754 778; x_wconf 69' lang='grc' dir='ltr'><strong><em>ἀντιλαμβάνεσθαι,</em></strong></span> <span class='ocrx_word' id='word_1_66' title='bbox 780 727 852 767; x_wconf 85' lang='grc' dir='ltr'>καί</span> <span class='ocrx_word' id='word_1_67' title='bbox 868 725 936 767; x_wconf 86' lang='grc' dir='ltr'><strong><em>τὸν</em></strong></span> <span class='ocrx_word' id='word_1_68' title='bbox 960 727 1038 779; x_wconf 83' lang='grc' dir='ltr'><strong><em>μὲν</em></strong></span> <span class='ocrx_word' id='word_1_69' title='bbox 1057 727 1313 780; x_wconf 80' lang='grc' dir='ltr'><strong><em>τυραννικῶς</em></strong></span> <span class='ocrx_word' id='word_1_70' title='bbox 1339 725 1515 774; x_wconf 76' lang='grc' dir='ltr'><strong><em>ἐξωθεῖν</em></strong></span> 
     </span>
     <span class='ocr_line' id='line_1_10' title="bbox 0 787 1515 846; baseline -0.003 -13"><span class='ocrx_word' id='word_1_71' title='bbox 0 828 1 843; x_wconf 40' lang='lat'>2</span> <span class='ocrx_word' id='word_1_72' title='bbox 66 793 137 846; x_wconf 82' lang='grc' dir='ltr'><strong><em>τῆς</em></strong></span> <span class='ocrx_word' id='word_1_73' title='bbox 166 791 298 844; x_wconf 73' lang='grc' dir='ltr'><strong><em>ἀρχῆς</em></strong></span> <span class='ocrx_word' id='word_1_74' title='bbox 330 789 403 832; x_wconf 78' lang='grc' dir='ltr'><strong><em>τὸν</em></strong></span> <span class='ocrx_word' id='word_1_75' title='bbox 429 793 474 832; x_wconf 83' lang='grc' dir='ltr'><strong><em>δὲ</em></strong></span> <span class='ocrx_word' id='word_1_76' title='bbox 501 791 784 845; x_wconf 67' lang='grc' dir='ltr'><strong><em>ἀντεισάγειν,</em></strong></span> <span class='ocrx_word' id='word_1_77' title='bbox 811 793 882 833; x_wconf 81' lang='grc' dir='ltr'><em>καί</em></span> <span class='ocrx_word' id='word_1_78' title='bbox 909 788 1167 845; x_wconf 76' lang='grc' dir='ltr'><strong><em>πραγμάτων</em></strong></span> <span class='ocrx_word' id='word_1_79' title='bbox 1193 793 1267 831; x_wconf 83' lang='grc' dir='ltr'>καί</span> <span class='ocrx_word' id='word_1_80' title='bbox 1283 787 1415 846; x_wconf 87' lang='grc' dir='ltr'><strong><em>φόνου</em></strong></span> <span class='ocrx_word' id='word_1_81' title='bbox 1443 789 1515 830; x_wconf 83' lang='grc' dir='ltr'><em>καί</em></span> 
     </span>
     <span class='ocr_line' id='line_1_11' title="bbox 4 856 1514 911; baseline 0.001 -17"><span class='ocrx_word' id='word_1_82' title='bbox 4 858 253 910; x_wconf 68' lang='grc' dir='ltr'><strong><em>,οζημιαῖν,</em></strong></span> <span class='ocrx_word' id='word_1_83' title='bbox 287 857 446 899; x_wconf 81' lang='grc' dir='ltr'><strong><em>τούτων</em></strong></span> <span class='ocrx_word' id='word_1_84' title='bbox 477 856 527 910; x_wconf 78' lang='grc' dir='ltr'><strong><em>δὴ</em></strong></span> <span class='ocrx_word' id='word_1_85' title='bbox 557 856 638 899; x_wconf 73' lang='grc' dir='ltr'><strong><em>τῶν</em></strong></span> <span class='ocrx_word' id='word_1_86' title='bbox 665 859 709 899; x_wconf 83' lang='grc' dir='ltr'><strong><em>ὲν</em></strong></span> <span class='ocrx_word' id='word_1_87' title='bbox 727 863 818 906; x_wconf 87' lang='grc' dir='ltr'><strong><em>ταῖς</em></strong></span> <span class='ocrx_word' id='word_1_88' title='bbox 847 860 1098 911; x_wconf 83' lang='grc' dir='ltr'><strong><em>ἐναλλαγαῖς</em></strong></span> <span class='ocrx_word' id='word_1_89' title='bbox 1126 858 1209 898; x_wconf 74' lang='grc' dir='ltr'><strong><em>τῶν</em></strong></span> <span class='ocrx_word' id='word_1_90' title='bbox 1231 856 1376 910; x_wconf 79' lang='grc' dir='ltr'><strong><em>ἀρχῶν</em></strong></span> <span class='ocrx_word' id='word_1_91' title='bbox 1404 871 1514 906; x_wconf 84' lang='grc' dir='ltr'><strong><em>συμ-</em></strong></span> 
     </span>
     <span class='ocr_line' id='line_1_12' title="bbox 65 919 1515 977; baseline -0.001 -15"><span class='ocrx_word' id='word_1_92' title='bbox 65 919 308 976; x_wconf 86' lang='grc' dir='ltr'><strong><em>βαινόντων,</em></strong></span> <span class='ocrx_word' id='word_1_93' title='bbox 339 921 472 963; x_wconf 83' lang='grc' dir='ltr'><strong><em>αἴτιον</em></strong></span> <span class='ocrx_word' id='word_1_94' title='bbox 499 923 756 964; x_wconf 79' lang='grc' dir='ltr'><strong><em>δείκνυσθαι.</em></strong></span> <span class='ocrx_word' id='word_1_95' title='bbox 813 923 862 964; x_wconf 81' lang='grc' dir='ltr'><strong><em>οὔ</em></strong></span> <span class='ocrx_word' id='word_1_96' title='bbox 887 923 969 977; x_wconf 78' lang='grc' dir='ltr'><strong><em>γὰρ</em></strong></span> <span class='ocrx_word' id='word_1_97' title='bbox 1003 921 1075 964; x_wconf 77' lang='grc' dir='ltr'><strong><em>ἐπὶ</em></strong></span> <span class='ocrx_word' id='word_1_98' title='bbox 1100 920 1254 975; x_wconf 86' lang='grc' dir='ltr'><strong><em>θρόνον</em></strong></span> <span class='ocrx_word' id='word_1_99' title='bbox 1281 919 1412 962; x_wconf 74' lang='grc' dir='ltr'><strong><em>αὐτὸν</em></strong></span> <span class='ocrx_word' id='word_1_100' title='bbox 1440 936 1515 961; x_wconf 90' lang='grc' dir='ltr'><strong><em>κα-</em></strong></span> 
     </span>
     <span class='ocr_line' id='line_1_13' title="bbox 65 985 1593 1043; baseline -0.001 -14"><span class='ocrx_word' id='word_1_101' title='bbox 65 987 236 1038; x_wconf 74' lang='grc' dir='ltr'><strong><em>θίζουσι</em></strong></span> <span class='ocrx_word' id='word_1_102' title='bbox 265 989 523 1040; x_wconf 87' lang='grc' dir='ltr'><strong><em>τυραννικόν,</em></strong></span> <span class='ocrx_word' id='word_1_103' title='bbox 557 989 648 1029; x_wconf 69' lang='grc' dir='ltr'><strong><em>ἀλλ’</em></strong></span> <span class='ocrx_word' id='word_1_104' title='bbox 677 990 750 1029; x_wconf 75' lang='grc' dir='ltr'><strong><em>ἐπὶ</em></strong></span> <span class='ocrx_word' id='word_1_105' title='bbox 773 987 930 1043; x_wconf 87' lang='grc' dir='ltr'><strong><em>θρόνον</em></strong></span> <span class='ocrx_word' id='word_1_106' title='bbox 960 985 1179 1040; x_wconf 82' lang='grc' dir='ltr'><strong><em>ἱερατικόν,</em></strong></span> <span class='ocrx_word' id='word_1_107' title='bbox 1210 985 1283 1028; x_wconf 83' lang='grc' dir='ltr'>καί</span> <span class='ocrx_word' id='word_1_108' title='bbox 1309 986 1512 1028; x_wconf 81' lang='grc' dir='ltr'><strong><em>δεσπότου</em></strong></span> <span class='ocrx_word' id='word_1_109' title='bbox 1526 995 1593 1030; x_wconf 81' lang='lat'><strong><em>335</em></strong></span> 
     </span>
     <span class='ocr_line' id='line_1_14' title="bbox 66 1049 1515 1108; baseline -0.002 -14"><span class='ocrx_word' id='word_1_110' title='bbox 66 1054 220 1107; x_wconf 83' lang='grc' dir='ltr'><strong><em>πραέος</em></strong></span> <span class='ocrx_word' id='word_1_111' title='bbox 256 1054 329 1093; x_wconf 77' lang='grc' dir='ltr'><strong><em>καὶ</em></strong></span> <span class='ocrx_word' id='word_1_112' title='bbox 362 1051 530 1108; x_wconf 82' lang='grc' dir='ltr'><strong><em>εἰρήνην</em></strong></span> <span class='ocrx_word' id='word_1_113' title='bbox 571 1051 828 1104; x_wconf 77' lang='grc' dir='ltr'><strong><em>διδάξαντος.</em></strong></span> <span class='ocrx_word' id='word_1_114' title='bbox 899 1054 971 1095; x_wconf 79' lang='grc' dir='ltr'><strong><em>καί</em></strong></span> <span class='ocrx_word' id='word_1_115' title='bbox 1006 1055 1077 1095; x_wconf 83' lang='grc' dir='ltr'><strong><em>δεῖ</em></strong></span> <span class='ocrx_word' id='word_1_116' title='bbox 1106 1054 1257 1094; x_wconf 82' lang='grc' dir='ltr'><strong><em>τοῦτον</em></strong></span> <span class='ocrx_word' id='word_1_117' title='bbox 1287 1053 1332 1093; x_wconf 82' lang='grc' dir='ltr'><strong><em>ὲκ</em></strong></span> <span class='ocrx_word' id='word_1_118' title='bbox 1361 1049 1515 1099; x_wconf 85' lang='grc' dir='ltr'><strong><em>παντὸς</em></strong></span> 
     </span>
     <span class='ocr_line' id='line_1_15' title="bbox 66 1116 1512 1173; baseline -0.001 -13"><span class='ocrx_word' id='word_1_119' title='bbox 66 1117 223 1172; x_wconf 90' lang='grc' dir='ltr'><strong><em>τρόπου</em></strong></span> <span class='ocrx_word' id='word_1_120' title='bbox 266 1121 522 1169; x_wconf 86' lang='grc' dir='ltr'><strong><em>μιμεῖσθαι,</em></strong></span> <span class='ocrx_word' id='word_1_121' title='bbox 561 1121 634 1161; x_wconf 83' lang='grc' dir='ltr'>καί</span> <span class='ocrx_word' id='word_1_122' title='bbox 675 1116 866 1173; x_wconf 77' lang='grc' dir='ltr'><strong><em>λόγοιςὲ</em></strong></span> <span class='ocrx_word' id='word_1_123' title='bbox 901 1147 1512 1161; x_wconf 90' lang='grc'><strong>.................</strong></span> 
     </span>
     <span class='ocr_line' id='line_1_16' title="bbox 7 1180 1515 1238; baseline -0.003 -11"><span class='ocrx_word' id='word_1_124' title='bbox 7 1183 141 1231; x_wconf 69' lang='grc' dir='ltr'><strong><em>ιῦκαί</em></strong></span> <span class='ocrx_word' id='word_1_125' title='bbox 166 1181 420 1238; x_wconf 79' lang='grc' dir='ltr'><strong><em>πράγμασιν.</em></strong></span> <span class='ocrx_word' id='word_1_126' title='bbox 477 1183 622 1226; x_wconf 81' lang='grc' dir='ltr'><strong><em>ἔπειτα</em></strong></span> <span class='ocrx_word' id='word_1_127' title='bbox 643 1215 1217 1227; x_wconf 88' lang='grc'><strong>...............</strong></span> <span class='ocrx_word' id='word_1_128' title='bbox 1242 1180 1342 1238; x_wconf 77' lang='grc' dir='ltr'><strong><em>ὅπερ</em></strong></span> <span class='ocrx_word' id='word_1_129' title='bbox 1371 1182 1515 1238; x_wconf 81' lang='grc' dir='ltr'><strong><em>εἴργα-</em></strong></span> 
     </span>
     <span class='ocr_line' id='line_1_17' title="bbox 66 1246 1516 1308; baseline -0.003 -15"><span class='ocrx_word' id='word_1_130' title='bbox 66 1264 164 1301; x_wconf 88' lang='grc' dir='ltr'><strong><em>στο,·</em></strong></span> <span class='ocrx_word' id='word_1_131' title='bbox 197 1246 263 1290; x_wconf 75' lang='grc' dir='ltr'><strong><em>ὅτι</em></strong></span> <span class='ocrx_word' id='word_1_132' title='bbox 293 1254 382 1297; x_wconf 87' lang='grc' dir='ltr'><strong><em>τοῖς</em></strong></span> <span class='ocrx_word' id='word_1_133' title='bbox 408 1251 487 1290; x_wconf 80' lang='grc' dir='ltr'><strong><em>τοῦ</em></strong></span> <span class='ocrx_word' id='word_1_134' title='bbox 514 1253 619 1292; x_wconf 83' lang='grc' dir='ltr'><strong><em>θεοῦ</em></strong></span> <span class='ocrx_word' id='word_1_135' title='bbox 641 1250 784 1302; x_wconf 88' lang='grc' dir='ltr'><strong><em>νόμοις</em></strong></span> <span class='ocrx_word' id='word_1_136' title='bbox 808 1253 1001 1303; x_wconf 81' lang='grc' dir='ltr'><strong><em>ἐμμένειν</em></strong></span> <span class='ocrx_word' id='word_1_137' title='bbox 1018 1248 1211 1308; x_wconf 82' lang='grc' dir='ltr'><strong><em>παρῄνει,</em></strong></span> <span class='ocrx_word' id='word_1_138' title='bbox 1243 1251 1315 1291; x_wconf 86' lang='grc' dir='ltr'>καί</span> <span class='ocrx_word' id='word_1_139' title='bbox 1338 1246 1414 1303; x_wconf 73' lang='grc' dir='ltr'><strong><em>τὴν</em></strong></span> <span class='ocrx_word' id='word_1_140' title='bbox 1445 1247 1516 1289; x_wconf 64' lang='lat' dir='ltr'>ev&#39;-</span> 
     </span>
     <span class='ocr_line' id='line_1_18' title="bbox 65 1312 1516 1370; baseline -0.003 -13"><span class='ocrx_word' id='word_1_141' title='bbox 65 1316 234 1368; x_wconf 81' lang='grc' dir='ltr'><strong><em>σέβειαν</em></strong></span> <span class='ocrx_word' id='word_1_142' title='bbox 259 1313 536 1367; x_wconf 79' lang='grc' dir='ltr'><strong><em>συνεβούλευε</em></strong></span> <span class='ocrx_word' id='word_1_143' title='bbox 573 1315 633 1370; x_wconf 77' lang='grc' dir='ltr'><strong><em>μή</em></strong></span> <span class='ocrx_word' id='word_1_144' title='bbox 662 1317 895 1369; x_wconf 85' lang='grc' dir='ltr'><strong><em>προέσθαι,·</em></strong></span> <span class='ocrx_word' id='word_1_145' title='bbox 940 1312 1007 1358; x_wconf 75' lang='grc' dir='ltr'><strong><em>ὅτι</em></strong></span> <span class='ocrx_word' id='word_1_146' title='bbox 1044 1314 1103 1370; x_wconf 79' lang='grc' dir='ltr'><strong><em>μή</em></strong></span> <span class='ocrx_word' id='word_1_147' title='bbox 1139 1315 1516 1365; x_wconf 78' lang='grc' dir='ltr'><strong><em>κατεξανίστασθαι</em></strong></span> 
     </span>
     <span class='ocr_line' id='line_1_19' title="bbox 67 1379 1514 1436; baseline -0.001 -14"><span class='ocrx_word' id='word_1_148' title='bbox 67 1382 150 1422; x_wconf 78' lang='grc' dir='ltr'><strong><em>τῶν</em></strong></span> <span class='ocrx_word' id='word_1_149' title='bbox 179 1379 411 1435; x_wconf 81' lang='grc' dir='ltr'><strong><em>α’ρχόντων,</em></strong></span> <span class='ocrx_word' id='word_1_150' title='bbox 449 1379 557 1422; x_wconf 82' lang='grc' dir='ltr'><strong><em>α’λλά</em></strong></span> <span class='ocrx_word' id='word_1_151' title='bbox 585 1379 756 1430; x_wconf 79' lang='grc' dir='ltr'><strong><em>τούτους</em></strong></span> <span class='ocrx_word' id='word_1_152' title='bbox 794 1379 851 1430; x_wconf 74' lang='grc' dir='ltr'><strong><em>ὥς</em></strong></span> <span class='ocrx_word' id='word_1_153' title='bbox 877 1384 922 1424; x_wconf 81' lang='grc' dir='ltr'><strong><em>ἐκ</em></strong></span> <span class='ocrx_word' id='word_1_154' title='bbox 954 1384 1061 1423; x_wconf 79' lang='grc' dir='ltr'><strong><em>θεοῦ</em></strong></span> <span class='ocrx_word' id='word_1_155' title='bbox 1088 1382 1399 1436; x_wconf 76' lang='grc' dir='ltr'><strong><em>προβληθέντας</em></strong></span> <span class='ocrx_word' id='word_1_156' title='bbox 1425 1380 1514 1420; x_wconf 80' lang='grc' dir='ltr'><strong><em>ἐδί-</em></strong></span> 
     </span>
     <span class='ocr_line' id='line_1_20' title="bbox 68 1443 1516 1504; baseline -0.001 -18"><span class='ocrx_word' id='word_1_157' title='bbox 68 1447 195 1486; x_wconf 82' lang='grc' dir='ltr'><strong><em>δασκε</em></strong></span> <span class='ocrx_word' id='word_1_158' title='bbox 221 1448 433 1499; x_wconf 84' lang='grc' dir='ltr'><strong><em>στέργειν,·</em></strong></span> <span class='ocrx_word' id='word_1_159' title='bbox 462 1445 536 1487; x_wconf 81' lang='grc' dir='ltr'>καί</span> <span class='ocrx_word' id='word_1_160' title='bbox 561 1448 662 1500; x_wconf 81' lang='grc' dir='ltr'><strong><em>τίγε</em></strong></span> <span class='ocrx_word' id='word_1_161' title='bbox 693 1443 796 1489; x_wconf 76' lang='grc' dir='ltr'><strong><em>ἄλλο</em></strong></span> <span class='ocrx_word' id='word_1_162' title='bbox 824 1450 1030 1501; x_wconf 87' lang='grc' dir='ltr'><strong><em>προσῆκεν</em></strong></span> <span class='ocrx_word' id='word_1_163' title='bbox 1058 1448 1223 1504; x_wconf 74' lang='grc' dir='ltr'><strong><em>ἐκείνῳ,</em></strong></span> <span class='ocrx_word' id='word_1_164' title='bbox 1264 1443 1412 1499; x_wconf 80' lang='grc' dir='ltr'><strong><em>ψυχὰς</em></strong></span> <span class='ocrx_word' id='word_1_165' title='bbox 1439 1443 1516 1486; x_wconf 82' lang='grc' dir='ltr'><strong><em>α’ν-</em></strong></span> 
     </span>
     <span class='ocr_line' id='line_1_21' title="bbox 27 1507 1515 1565; baseline 0.001 -14"><span class='ocrx_word' id='word_1_166' title='bbox 27 1510 251 1564; x_wconf 77' lang='grc' dir='ltr'><strong><em>οθρώπων</em></strong></span> <span class='ocrx_word' id='word_1_167' title='bbox 269 1510 373 1565; x_wconf 81' lang='grc' dir='ltr'><strong><em>πρὸς</em></strong></span> <span class='ocrx_word' id='word_1_168' title='bbox 398 1513 504 1552; x_wconf 79' lang='grc' dir='ltr'><strong><em>θεοῦ</em></strong></span> <span class='ocrx_word' id='word_1_169' title='bbox 532 1514 822 1564; x_wconf 75' lang='grc' dir='ltr'><strong><em>πιστευθέντις</em></strong></span> <span class='ocrx_word' id='word_1_170' title='bbox 852 1509 962 1565; x_wconf 74' lang='grc' dir='ltr'><strong><em>ὅμως</em></strong></span> <span class='ocrx_word' id='word_1_171' title='bbox 980 1514 1135 1562; x_wconf 85' lang='grc' dir='ltr'><strong><em>ἐκεῖνος</em></strong></span> <span class='ocrx_word' id='word_1_172' title='bbox 1150 1513 1221 1553; x_wconf 83' lang='grc' dir='ltr'><em>καί</em></span> <span class='ocrx_word' id='word_1_173' title='bbox 1244 1507 1375 1559; x_wconf 71' lang='grc' dir='ltr'><strong><em>οὕτως</em></strong></span> <span class='ocrx_word' id='word_1_174' title='bbox 1402 1508 1515 1563; x_wconf 78' lang='grc' dir='ltr'><strong><em>ἔχων</em></strong></span> 
     </span>
     <span class='ocr_line' id='line_1_22' title="bbox 67 1574 1516 1632; baseline -0.002 -14"><span class='ocrx_word' id='word_1_175' title='bbox 67 1577 133 1631; x_wconf 79' lang='grc' dir='ltr'><strong><em>ἐφ’</em></strong></span> <span class='ocrx_word' id='word_1_176' title='bbox 159 1574 337 1618; x_wconf 72' lang='grc' dir='ltr'><strong><em>ἑκάστου</em></strong></span> <span class='ocrx_word' id='word_1_177' title='bbox 356 1576 510 1630; x_wconf 79' lang='grc' dir='ltr'><strong><em>σχεδὸν</em></strong></span> <span class='ocrx_word' id='word_1_178' title='bbox 528 1575 644 1626; x_wconf 83' lang='grc' dir='ltr'><strong><em>ἔτους</em></strong></span> <span class='ocrx_word' id='word_1_179' title='bbox 672 1574 791 1631; x_wconf 79' lang='grc' dir='ltr'><strong><em>ἧξιόυ</em></strong></span> <span class='ocrx_word' id='word_1_180' title='bbox 820 1578 895 1632; x_wconf 78' lang='grc' dir='ltr'><strong><em>την</em></strong></span> <span class='ocrx_word' id='word_1_181' title='bbox 921 1579 1041 1619; x_wconf 87' lang='grc' dir='ltr'><strong><em>πόλιν</em></strong></span> <span class='ocrx_word' id='word_1_182' title='bbox 1070 1579 1287 1619; x_wconf 79' lang='grc' dir='ltr'><strong><em>α’πολιπεῖν</em></strong></span> <span class='ocrx_word' id='word_1_183' title='bbox 1313 1575 1385 1617; x_wconf 79' lang='grc' dir='ltr'><strong><em>καί</em></strong></span> <span class='ocrx_word' id='word_1_184' title='bbox 1411 1577 1516 1629; x_wconf 84' lang='grc' dir='ltr'><strong><em>πρὸς</em></strong></span> 
     </span>
     <span class='ocr_line' id='line_1_23' title="bbox 67 1641 1514 1699; baseline -0.001 -14"><span class='ocrx_word' id='word_1_185' title='bbox 67 1641 141 1698; x_wconf 73' lang='grc' dir='ltr'><strong><em>τὴν</em></strong></span> <span class='ocrx_word' id='word_1_186' title='bbox 171 1643 442 1698; x_wconf 78' lang='grc' dir='ltr'><strong><em>ἑνεγκαμένην</em></strong></span> <span class='ocrx_word' id='word_1_187' title='bbox 467 1646 681 1698; x_wconf 79' lang='grc' dir='ltr'><strong><em>γενέσθαι,</em></strong></span> <span class='ocrx_word' id='word_1_188' title='bbox 712 1643 813 1694; x_wconf 79' lang='grc' dir='ltr'><strong><em>ἴσως</em></strong></span> <span class='ocrx_word' id='word_1_189' title='bbox 840 1646 892 1686; x_wconf 82' lang='grc' dir='ltr'><strong><em>ἵν’</em></strong></span> <span class='ocrx_word' id='word_1_190' title='bbox 920 1643 1038 1698; x_wconf 81' lang='grc' dir='ltr'><strong><em>ἡμεῖς</em></strong></span> <span class='ocrx_word' id='word_1_191' title='bbox 1066 1643 1174 1699; x_wconf 79' lang='grc' dir='ltr'><strong><em>ὑπὲρ</em></strong></span> <span class='ocrx_word' id='word_1_192' title='bbox 1194 1641 1354 1685; x_wconf 75' lang='grc' dir='ltr'><strong><em>ἑαυτῶν</em></strong></span> <span class='ocrx_word' id='word_1_193' title='bbox 1381 1657 1514 1698; x_wconf 86' lang='grc' dir='ltr'><strong><em>φρον-</em></strong></span> 
     </span>
    </p>
   </div>
   <div class='ocr_carea' id='block_1_3' title="bbox 110 1769 1513 1854">
    <p class='ocr_par' dir='ltr' id='par_1_3' title="bbox 110 1769 1513 1854">
     <span class='ocr_line' id='line_1_24' title="bbox 110 1769 1513 1819; baseline -0.002 -14"><span class='ocrx_word' id='word_1_194' title='bbox 110 1786 122 1814; x_wconf 56' lang='lat'><em>3</em></span> <span class='ocrx_word' id='word_1_195' title='bbox 157 1772 191 1805; x_wconf 86' lang='lat'><strong><em>3.</em></strong></span> <span class='ocrx_word' id='word_1_196' title='bbox 219 1773 522 1819; x_wconf 79' lang='grc' dir='ltr'><strong><em>σωφρονίσωμεν</em></strong></span> <span class='ocrx_word' id='word_1_197' title='bbox 545 1772 574 1807; x_wconf 88' lang='grc' dir='ltr'><strong>Α</strong></span> <span class='ocrx_word' id='word_1_198' title='bbox 696 1775 748 1817; x_wconf 78' lang='lat'><strong><em>¹4-</em></strong></span> <span class='ocrx_word' id='word_1_199' title='bbox 776 1770 812 1819; x_wconf 77' lang='grc' dir='ltr'><strong><em>ἕ]</em></strong></span> <span class='ocrx_word' id='word_1_200' title='bbox 837 1771 1022 1819; x_wconf 76' lang='grc' dir='ltr'><strong><em>ἑπόμενον</em></strong></span> <span class='ocrx_word' id='word_1_201' title='bbox 1049 1770 1176 1818; x_wconf 46' lang='lat' dir='ltr'><strong><em>affro?</em></strong></span> <span class='ocrx_word' id='word_1_202' title='bbox 1302 1772 1340 1806; x_wconf 78' lang='lat'><strong><em>15</em></strong></span> <span class='ocrx_word' id='word_1_203' title='bbox 1344 1794 1499 1805; x_wconf 77' lang='lat'>.....</span> <span class='ocrx_word' id='word_1_204' title='bbox 1499 1769 1513 1816; x_wconf 90' lang='lat' dir='ltr'>J</span> 
     </span>
     <span class='ocr_line' id='line_1_25' title="bbox 159 1817 427 1854; baseline 0.004 -3"><span class='ocrx_word' id='word_1_205' title='bbox 159 1820 198 1851; x_wconf 83' lang='grc' dir='ltr'><strong><em>τί</em></strong></span> <span class='ocrx_word' id='word_1_206' title='bbox 217 1820 280 1852; x_wconf 82' lang='grc' dir='ltr'><strong><em>καὶ</em></strong></span> <span class='ocrx_word' id='word_1_207' title='bbox 303 1817 427 1854; x_wconf 68' lang='grc' dir='ltr'><strong><em>ἔστινῒ</em></strong></span> 
     </span>
    </p>
   </div>
   <div class='ocr_carea' id='block_1_4' title="bbox 58 1938 1511 2783">
    <p class='ocr_par' dir='ltr' id='par_1_4' title="bbox 58 1938 1511 2783">
     <span class='ocr_line' id='line_1_26' title="bbox 65 1938 1509 1988; baseline 0.001 -16"><span class='ocrx_word' id='word_1_208' title='bbox 65 1938 231 1973; x_wconf 81' lang='lat' dir='ltr'>cundiam</span> <span class='ocrx_word' id='word_1_209' title='bbox 256 1941 379 1982; x_wconf 86' lang='lat' dir='ltr'>movit,</span> <span class='ocrx_word' id='word_1_210' title='bbox 405 1946 442 1974; x_wconf 87' lang='lat' dir='ltr'><strong><em>et</em></strong></span> <span class='ocrx_word' id='word_1_211' title='bbox 465 1941 511 1974; x_wconf 82' lang='lat' dir='ltr'>ad</span> <span class='ocrx_word' id='word_1_212' title='bbox 536 1943 646 1975; x_wconf 86' lang='lat' dir='ltr'>nostri</span> <span class='ocrx_word' id='word_1_213' title='bbox 670 1943 906 1987; x_wconf 83' lang='lat' dir='ltr'>punitionem,</span> <span class='ocrx_word' id='word_1_214' title='bbox 931 1942 994 1988; x_wconf 87' lang='lat' dir='ltr'><strong><em>qui</em></strong></span> <span class='ocrx_word' id='word_1_215' title='bbox 1023 1941 1219 1975; x_wconf 69' lang='lat' dir='ltr'>incorrecte</span> <span class='ocrx_word' id='word_1_216' title='bbox 1247 1940 1414 1982; x_wconf 82' lang='lat' dir='ltr'>labimur,</span> <span class='ocrx_word' id='word_1_217' title='bbox 1444 1952 1509 1973; x_wconf 79' lang='lat' dir='ltr'>ex—</span> 
     </span>
     <span class='ocr_line' id='line_1_27' title="bbox 64 1987 1510 2034; baseline 0.001 -15"><span class='ocrx_word' id='word_1_218' title='bbox 64 1987 197 2027; x_wconf 81' lang='lat' dir='ltr'>citavit,</span> <span class='ocrx_word' id='word_1_219' title='bbox 224 1993 263 2020; x_wconf 88' lang='lat' dir='ltr'><strong><em>ut</em></strong></span> <span class='ocrx_word' id='word_1_220' title='bbox 286 1987 331 2020; x_wconf 87' lang='lat' dir='ltr'>ad</span> <span class='ocrx_word' id='word_1_221' title='bbox 355 1989 590 2034; x_wconf 83' lang='lat' dir='ltr'>nosmetipsos</span> <span class='ocrx_word' id='word_1_222' title='bbox 619 1989 807 2022; x_wconf 87' lang='lat' dir='ltr'>redeuntes</span> <span class='ocrx_word' id='word_1_223' title='bbox 843 1990 882 2023; x_wconf 87' lang='lat' dir='ltr'><strong><em>in</em></strong></span> <span class='ocrx_word' id='word_1_224' title='bbox 906 1994 1086 2034; x_wconf 87' lang='lat' dir='ltr'>posterum</span> <span class='ocrx_word' id='word_1_225' title='bbox 1125 1989 1313 2034; x_wconf 86' lang='lat' dir='ltr'>sapiamus.</span> <span class='ocrx_word' id='word_1_226' title='bbox 1360 1987 1458 2032; x_wconf 89' lang='lat' dir='ltr'>quod</span> <span class='ocrx_word' id='word_1_227' title='bbox 1481 1988 1510 2021; x_wconf 87' lang='lat' dir='ltr'><strong><em>si</em></strong></span> 
     </span>
     <span class='ocr_line' id='line_1_28' title="bbox 64 2034 1511 2079; baseline -0.001 -13"><span class='ocrx_word' id='word_1_228' title='bbox 64 2034 145 2079; x_wconf 81' lang='lat' dir='ltr'>quis</span> <span class='ocrx_word' id='word_1_229' title='bbox 173 2040 337 2068; x_wconf 74' lang='lat' dir='ltr'>anteacta</span> <span class='ocrx_word' id='word_1_230' title='bbox 379 2040 541 2079; x_wconf 82' lang='lat' dir='ltr'>tempora</span> <span class='ocrx_word' id='word_1_231' title='bbox 578 2047 856 2070; x_wconf 84' lang='lat' dir='ltr'>commemorans</span> <span class='ocrx_word' id='word_1_232' title='bbox 886 2037 1012 2070; x_wconf 86' lang='lat' dir='ltr'>iterum</span> <span class='ocrx_word' id='word_1_233' title='bbox 1037 2035 1146 2068; x_wconf 87' lang='lat' dir='ltr'>nobis</span> <span class='ocrx_word' id='word_1_234' title='bbox 1173 2039 1356 2079; x_wconf 80' lang='lat' dir='ltr'>opponat,</span> <span class='ocrx_word' id='word_1_235' title='bbox 1382 2039 1418 2067; x_wconf 87' lang='lat' dir='ltr'><strong><em>et</em></strong></span> <span class='ocrx_word' id='word_1_236' title='bbox 1445 2046 1511 2079; x_wconf 79' lang='lat' dir='ltr'>pa..</span> 
     </span>
     <span class='ocr_line' id='line_1_29' title="bbox 63 2081 1508 2127; baseline 0.002 -16"><span class='ocrx_word' id='word_1_237' title='bbox 63 2081 150 2112; x_wconf 83' lang='lat' dir='ltr'>stori</span> <span class='ocrx_word' id='word_1_238' title='bbox 185 2092 326 2114; x_wconf 77' lang='lat' dir='ltr'>causam</span> <span class='ocrx_word' id='word_1_239' title='bbox 370 2085 562 2127; x_wconf 76' lang='lat' dir='ltr'>app1ngat,</span> <span class='ocrx_word' id='word_1_240' title='bbox 599 2084 660 2127; x_wconf 87' lang='lat' dir='ltr'><strong><em>qui</em></strong></span> <span class='ocrx_word' id='word_1_241' title='bbox 695 2083 828 2116; x_wconf 82' lang='lat' dir='ltr'>dedere</span> <span class='ocrx_word' id='word_1_242' title='bbox 865 2094 902 2116; x_wconf 86' lang='lat' dir='ltr'>se</span> <span class='ocrx_word' id='word_1_243' title='bbox 936 2083 1156 2123; x_wconf 85' lang='lat' dir='ltr'>volentibus,</span> <span class='ocrx_word' id='word_1_244' title='bbox 1192 2082 1371 2114; x_wconf 81' lang='lat' dir='ltr'>sententia</span> <span class='ocrx_word' id='word_1_245' title='bbox 1399 2082 1508 2114; x_wconf 84' lang='lat' dir='ltr'>etiam</span> 
     </span>
     <span class='ocr_line' id='line_1_30' title="bbox 64 2126 1509 2175; baseline 0 -14"><span class='ocrx_word' id='word_1_246' title='bbox 64 2126 158 2167; x_wconf 82' lang='lat' dir='ltr'>data,</span> <span class='ocrx_word' id='word_1_247' title='bbox 182 2128 412 2169; x_wconf 81' lang='lat' dir='ltr'>contradixit,</span> <span class='ocrx_word' id='word_1_248' title='bbox 438 2130 650 2174; x_wconf 77' lang='lat' dir='ltr'>insanientis</span> <span class='ocrx_word' id='word_1_249' title='bbox 675 2131 908 2174; x_wconf 82' lang='lat' dir='ltr'>cogitationes</span> <span class='ocrx_word' id='word_1_250' title='bbox 927 2130 1084 2175; x_wconf 80' lang='lat' dir='ltr'>suscipit.</span> <span class='ocrx_word' id='word_1_251' title='bbox 1135 2129 1285 2174; x_wconf 86' lang='lat' dir='ltr'>primum</span> <span class='ocrx_word' id='word_1_252' title='bbox 1313 2128 1406 2160; x_wconf 87' lang='lat' dir='ltr'>enim</span> <span class='ocrx_word' id='word_1_253' title='bbox 1435 2139 1509 2161; x_wconf 89' lang='lat' dir='ltr'><strong><em>non</em></strong></span> 
     </span>
     <span class='ocr_line' id='line_1_31' title="bbox 63 2173 1509 2220; baseline 0 -14"><span class='ocrx_word' id='word_1_254' title='bbox 63 2173 215 2208; x_wconf 79' lang='lat' dir='ltr'><strong>addecet</strong></span> <span class='ocrx_word' id='word_1_255' title='bbox 241 2176 446 2219; x_wconf 84' lang='lat' dir='ltr'>pontificem</span> <span class='ocrx_word' id='word_1_256' title='bbox 478 2187 591 2208; x_wconf 86' lang='lat' dir='ltr'>rerum</span> <span class='ocrx_word' id='word_1_257' title='bbox 615 2177 822 2210; x_wconf 82' lang='lat' dir='ltr'>militarium</span> <span class='ocrx_word' id='word_1_258' title='bbox 847 2188 952 2218; x_wconf 88' lang='lat' dir='ltr'>cura,</span> <span class='ocrx_word' id='word_1_259' title='bbox 982 2183 1018 2210; x_wconf 88' lang='lat' dir='ltr'><strong><em>et</em></strong></span> <span class='ocrx_word' id='word_1_260' title='bbox 1045 2176 1140 2208; x_wconf 87' lang='lat' dir='ltr'>hunc</span> <span class='ocrx_word' id='word_1_261' title='bbox 1165 2174 1310 2220; x_wconf 88' lang='lat' dir='ltr'>quidem</span> <span class='ocrx_word' id='word_1_262' title='bbox 1336 2180 1509 2218; x_wconf 82' lang='lat' dir='ltr'>tyranno-</span> 
     </span>
     <span class='ocr_line' id='line_1_32' title="bbox 63 2221 1506 2268; baseline 0.001 -15"><span class='ocrx_word' id='word_1_263' title='bbox 63 2232 139 2253; x_wconf 89' lang='lat' dir='ltr'><strong><em>rum</em></strong></span> <span class='ocrx_word' id='word_1_264' title='bbox 163 2232 260 2254; x_wconf 87' lang='lat' dir='ltr'>more</span> <span class='ocrx_word' id='word_1_265' title='bbox 286 2223 487 2267; x_wconf 86' lang='lat' dir='ltr'>principatu</span> <span class='ocrx_word' id='word_1_266' title='bbox 511 2223 657 2267; x_wconf 78' lang='lat' dir='ltr'>pellere,</span> <span class='ocrx_word' id='word_1_267' title='bbox 683 2224 785 2256; x_wconf 79' lang='lat' dir='ltr'>illum</span> <span class='ocrx_word' id='word_1_268' title='bbox 811 2230 932 2257; x_wconf 83' lang='lat' dir='ltr'>contra</span> <span class='ocrx_word' id='word_1_269' title='bbox 958 2224 993 2256; x_wconf 88' lang='lat' dir='ltr'><strong><em>in</em></strong></span> <span class='ocrx_word' id='word_1_270' title='bbox 1018 2222 1277 2268; x_wconf 77' lang='lat' dir='ltr'>possessionem</span> <span class='ocrx_word' id='word_1_271' title='bbox 1303 2221 1506 2262; x_wconf 82' lang='lat' dir='ltr'>immittere,</span> 
     </span>
     <span class='ocr_line' id='line_1_33' title="bbox 64 2267 1507 2314; baseline 0.001 -15"><span class='ocrx_word' id='word_1_272' title='bbox 64 2273 101 2300; x_wconf 90' lang='lat' dir='ltr'><strong><em>et</em></strong></span> <span class='ocrx_word' id='word_1_273' title='bbox 128 2269 364 2301; x_wconf 79' lang='lat' dir='ltr'>mutationum</span> <span class='ocrx_word' id='word_1_274' title='bbox 402 2281 442 2302; x_wconf 85' lang='lat' dir='ltr'><strong><em>ac</em></strong></span> <span class='ocrx_word' id='word_1_275' title='bbox 476 2269 636 2303; x_wconf 84' lang='lat' dir='ltr'>caedium</span> <span class='ocrx_word' id='word_1_276' title='bbox 677 2282 742 2303; x_wconf 90' lang='lat' dir='ltr'>nec</span> <span class='ocrx_word' id='word_1_277' title='bbox 778 2282 850 2303; x_wconf 87' lang='lat' dir='ltr'><strong><em>non</em></strong></span> <span class='ocrx_word' id='word_1_278' title='bbox 877 2271 1107 2310; x_wconf 83' lang='lat' dir='ltr'>damnorum,</span> <span class='ocrx_word' id='word_1_279' title='bbox 1143 2279 1247 2314; x_wconf 84' lang='lat' dir='ltr'>quae,</span> <span class='ocrx_word' id='word_1_280' title='bbox 1275 2267 1358 2300; x_wconf 88' lang='lat' dir='ltr'><strong><em>dum</em></strong></span> <span class='ocrx_word' id='word_1_281' title='bbox 1389 2279 1507 2301; x_wconf 86' lang='lat' dir='ltr'>rerum</span> 
     </span>
     <span class='ocr_line' id='line_1_34' title="bbox 61 2315 1507 2360; baseline 0.001 -13"><span class='ocrx_word' id='word_1_282' title='bbox 61 2320 175 2347; x_wconf 80' lang='lat' dir='ltr'>status</span> <span class='ocrx_word' id='word_1_283' title='bbox 200 2316 428 2355; x_wconf 79' lang='lat' dir='ltr'>immutatur,</span> <span class='ocrx_word' id='word_1_284' title='bbox 453 2317 643 2357; x_wconf 84' lang='lat' dir='ltr'>eveniunt,</span> <span class='ocrx_word' id='word_1_285' title='bbox 675 2323 855 2350; x_wconf 80' lang='lat' dir='ltr'>auctorem</span> <span class='ocrx_word' id='word_1_286' title='bbox 885 2329 982 2350; x_wconf 77' lang='lat' dir='ltr'>esse:</span> <span class='ocrx_word' id='word_1_287' title='bbox 1021 2327 1138 2360; x_wconf 83' lang='lat' dir='ltr'>neque</span> <span class='ocrx_word' id='word_1_288' title='bbox 1165 2316 1259 2348; x_wconf 88' lang='lat' dir='ltr'>enim</span> <span class='ocrx_word' id='word_1_289' title='bbox 1287 2315 1362 2359; x_wconf 77' lang='lat' dir='ltr'>ipse</span> <span class='ocrx_word' id='word_1_290' title='bbox 1388 2316 1423 2347; x_wconf 90' lang='lat' dir='ltr'><strong><em>in</em></strong></span> <span class='ocrx_word' id='word_1_291' title='bbox 1450 2321 1507 2358; x_wconf 84' lang='lat' dir='ltr'>ty-</span> 
     </span>
     <span class='ocr_line' id='line_1_35' title="bbox 62 2362 1508 2407; baseline 0.002 -15"><span class='ocrx_word' id='word_1_292' title='bbox 62 2362 255 2402; x_wconf 84' lang='lat' dir='ltr'>rannicum,</span> <span class='ocrx_word' id='word_1_293' title='bbox 282 2363 343 2394; x_wconf 92' lang='lat' dir='ltr'><strong><em>sed</em></strong></span> <span class='ocrx_word' id='word_1_294' title='bbox 369 2363 405 2395; x_wconf 91' lang='lat' dir='ltr'><strong><em>in</em></strong></span> <span class='ocrx_word' id='word_1_295' title='bbox 431 2363 663 2403; x_wconf 82' lang='lat' dir='ltr'>sacerdotale,</span> <span class='ocrx_word' id='word_1_296' title='bbox 695 2370 731 2397; x_wconf 87' lang='lat' dir='ltr'><strong><em>et</em></strong></span> <span class='ocrx_word' id='word_1_297' title='bbox 758 2365 851 2398; x_wconf 84' lang='lat' dir='ltr'>mitis</span> <span class='ocrx_word' id='word_1_298' title='bbox 877 2364 1024 2401; x_wconf 73' lang='lat' dir='ltr'>domini,</span> <span class='ocrx_word' id='word_1_299' title='bbox 1051 2369 1088 2395; x_wconf 86' lang='lat' dir='ltr'><strong><em>et</em></strong></span> <span class='ocrx_word' id='word_1_300' title='bbox 1114 2362 1174 2407; x_wconf 86' lang='lat' dir='ltr'><strong><em>qui</em></strong></span> <span class='ocrx_word' id='word_1_301' title='bbox 1206 2373 1328 2406; x_wconf 81' lang='lat' dir='ltr'>pacem</span> <span class='ocrx_word' id='word_1_302' title='bbox 1355 2362 1508 2406; x_wconf 81' lang='lat' dir='ltr'>deprae-</span> 
     </span>
     <span class='ocr_line' id='line_1_36' title="bbox 61 2407 1507 2454; baseline 0.001 -14"><span class='ocrx_word' id='word_1_303' title='bbox 61 2407 214 2448; x_wconf 76' lang='lat' dir='ltr'>dicavit,</span> <span class='ocrx_word' id='word_1_304' title='bbox 240 2409 340 2441; x_wconf 87' lang='lat' dir='ltr'>cuius</span> <span class='ocrx_word' id='word_1_305' title='bbox 368 2410 526 2454; x_wconf 81' lang='lat' dir='ltr'>vestigiis</span> <span class='ocrx_word' id='word_1_306' title='bbox 552 2411 717 2443; x_wconf 76' lang='lat' dir='ltr'>insistere</span> <span class='ocrx_word' id='word_1_307' title='bbox 742 2411 857 2444; x_wconf 84' lang='lat' dir='ltr'>modis</span> <span class='ocrx_word' id='word_1_308' title='bbox 883 2411 1047 2443; x_wconf 87' lang='lat' dir='ltr'>omnibus</span> <span class='ocrx_word' id='word_1_309' title='bbox 1073 2415 1109 2442; x_wconf 88' lang='lat' dir='ltr'><strong><em>et</em></strong></span> <span class='ocrx_word' id='word_1_310' title='bbox 1137 2409 1230 2441; x_wconf 83' lang='lat' dir='ltr'>dicta</span> <span class='ocrx_word' id='word_1_311' title='bbox 1257 2409 1422 2453; x_wconf 81' lang='lat' dir='ltr'>factaque</span> <span class='ocrx_word' id='word_1_312' title='bbox 1449 2420 1507 2442; x_wconf 80' lang='lat' dir='ltr'>se-</span> 
     </span>
     <span class='ocr_line' id='line_1_37' title="bbox 60 2454 1505 2502; baseline 0.003 -17"><span class='ocrx_word' id='word_1_313' title='bbox 60 2455 123 2499; x_wconf 87' lang='lat' dir='ltr'><strong><em>qui</em></strong></span> <span class='ocrx_word' id='word_1_314' title='bbox 149 2454 278 2495; x_wconf 85' lang='lat' dir='ltr'>debet,</span> <span class='ocrx_word' id='word_1_315' title='bbox 309 2456 437 2489; x_wconf 80' lang='lat' dir='ltr'>solium</span> <span class='ocrx_word' id='word_1_316' title='bbox 463 2463 698 2501; x_wconf 85' lang='lat' dir='ltr'>promovetur.</span> <span class='ocrx_word' id='word_1_317' title='bbox 757 2458 925 2502; x_wconf 88' lang='lat' dir='ltr'>deinceps</span> <span class='ocrx_word' id='word_1_318' title='bbox 963 2456 1051 2501; x_wconf 88' lang='lat' dir='ltr'>quid</span> <span class='ocrx_word' id='word_1_319' title='bbox 1077 2456 1139 2488; x_wconf 88' lang='lat' dir='ltr'>ille</span> <span class='ocrx_word' id='word_1_320' title='bbox 1163 2456 1308 2488; x_wconf 82' lang='lat' dir='ltr'>molitus</span> <span class='ocrx_word' id='word_1_321' title='bbox 1335 2455 1411 2488; x_wconf 85' lang='lat' dir='ltr'>est?</span> <span class='ocrx_word' id='word_1_322' title='bbox 1460 2467 1505 2489; x_wconf 83' lang='lat' dir='ltr'><strong><em>an</em></strong></span> 
     </span>
     <span class='ocr_line' id='line_1_38' title="bbox 60 2501 1504 2548; baseline 0.001 -15"><span class='ocrx_word' id='word_1_323' title='bbox 60 2501 158 2546; x_wconf 91' lang='lat' dir='ltr'>quod</span> <span class='ocrx_word' id='word_1_324' title='bbox 187 2502 225 2534; x_wconf 90' lang='lat' dir='ltr'><strong><em>in</em></strong></span> <span class='ocrx_word' id='word_1_325' title='bbox 258 2502 396 2545; x_wconf 72' lang='lat' dir='ltr'>legibus</span> <span class='ocrx_word' id='word_1_326' title='bbox 427 2503 557 2536; x_wconf 86' lang='lat' dir='ltr'>divinis</span> <span class='ocrx_word' id='word_1_327' title='bbox 590 2504 779 2548; x_wconf 81' lang='lat' dir='ltr'>perdurare</span> <span class='ocrx_word' id='word_1_328' title='bbox 822 2504 1101 2543; x_wconf 73' lang='lat' dir='ltr'>adhortabatur,</span> <span class='ocrx_word' id='word_1_329' title='bbox 1129 2514 1202 2534; x_wconf 91' lang='lat' dir='ltr'><strong><em>non</em></strong></span> <span class='ocrx_word' id='word_1_330' title='bbox 1236 2513 1255 2534; x_wconf 87' lang='lat' dir='ltr'>a</span> <span class='ocrx_word' id='word_1_331' title='bbox 1279 2501 1504 2547; x_wconf 80' lang='lat' dir='ltr'>principibus</span> 
     </span>
     <span class='ocr_line' id='line_1_39' title="bbox 60 2547 1505 2596; baseline 0.001 -16"><span class='ocrx_word' id='word_1_332' title='bbox 60 2547 350 2588; x_wconf 82' lang='lat' dir='ltr'>desciscendum,</span> <span class='ocrx_word' id='word_1_333' title='bbox 377 2560 466 2594; x_wconf 87' lang='lat' dir='ltr'>quos</span> <span class='ocrx_word' id='word_1_334' title='bbox 504 2551 615 2583; x_wconf 81' lang='lat' dir='ltr'>vciuti</span> <span class='ocrx_word' id='word_1_335' title='bbox 642 2563 660 2583; x_wconf 85' lang='lat' dir='ltr'>a</span> <span class='ocrx_word' id='word_1_336' title='bbox 689 2551 756 2584; x_wconf 84' lang='lat' dir='ltr'><strong><em>deo</em></strong></span> <span class='ocrx_word' id='word_1_337' title='bbox 781 2557 958 2596; x_wconf 85' lang='lat' dir='ltr'>promotos</span> <span class='ocrx_word' id='word_1_338' title='bbox 986 2548 1260 2582; x_wconf 83' lang='lat' dir='ltr'>exosculandum</span> <span class='ocrx_word' id='word_1_339' title='bbox 1288 2560 1365 2582; x_wconf 82' lang='lat' dir='ltr'>esse</span> <span class='ocrx_word' id='word_1_340' title='bbox 1395 2548 1505 2581; x_wconf 84' lang='lat' dir='ltr'>doce-</span> 
     </span>
     <span class='ocr_line' id='line_1_40' title="bbox 59 2594 1506 2636; baseline 0 -9"><span class='ocrx_word' id='word_1_341' title='bbox 59 2594 151 2628; x_wconf 83' lang='lat' dir='ltr'>bat?</span> <span class='ocrx_word' id='word_1_342' title='bbox 201 2601 238 2628; x_wconf 83' lang='lat' dir='ltr'><strong><em>et</em></strong></span> <span class='ocrx_word' id='word_1_343' title='bbox 265 2601 383 2628; x_wconf 82' lang='lat' dir='ltr'>tamen</span> <span class='ocrx_word' id='word_1_344' title='bbox 409 2597 446 2628; x_wconf 88' lang='lat' dir='ltr'><strong><em>iu</em></strong></span> <span class='ocrx_word' id='word_1_345' title='bbox 470 2597 569 2629; x_wconf 85' lang='lat' dir='ltr'>aliud</span> <span class='ocrx_word' id='word_1_346' title='bbox 595 2598 647 2629; x_wconf 84' lang='lat' dir='ltr'>illi</span> <span class='ocrx_word' id='word_1_347' title='bbox 675 2598 950 2630; x_wconf 76' lang='lat' dir='ltr'>incumbendum</span> <span class='ocrx_word' id='word_1_348' title='bbox 978 2603 1072 2636; x_wconf 81' lang='lat' dir='ltr'>erat,</span> <span class='ocrx_word' id='word_1_349' title='bbox 1103 2597 1158 2629; x_wconf 87' lang='lat' dir='ltr'><strong><em>cui</em></strong></span> <span class='ocrx_word' id='word_1_350' title='bbox 1195 2596 1395 2629; x_wconf 83' lang='lat' dir='ltr'>mortalium</span> <span class='ocrx_word' id='word_1_351' title='bbox 1426 2598 1506 2628; x_wconf 83' lang='lat' dir='ltr'>ani-</span> 
     </span>
     <span class='ocr_line' id='line_1_41' title="bbox 58 2642 1504 2688; baseline 0.001 -15"><span class='ocrx_word' id='word_1_352' title='bbox 58 2652 138 2674; x_wconf 83' lang='lat' dir='ltr'><strong><em>mae</em></strong></span> <span class='ocrx_word' id='word_1_353' title='bbox 167 2653 229 2687; x_wconf 83' lang='lat' dir='ltr'>per</span> <span class='ocrx_word' id='word_1_354' title='bbox 253 2642 357 2674; x_wconf 86' lang='lat' dir='ltr'>deum</span> <span class='ocrx_word' id='word_1_355' title='bbox 389 2648 490 2676; x_wconf 75' lang='lat' dir='ltr'>erant</span> <span class='ocrx_word' id='word_1_356' title='bbox 508 2644 744 2678; x_wconf 87' lang='lat' dir='ltr'>concreditae.</span> <span class='ocrx_word' id='word_1_357' title='bbox 794 2645 1025 2677; x_wconf 78' lang='lat' dir='ltr'>nihilominus</span> <span class='ocrx_word' id='word_1_358' title='bbox 1052 2643 1125 2683; x_wconf 85' lang='lat' dir='ltr'>ille,</span> <span class='ocrx_word' id='word_1_359' title='bbox 1151 2643 1219 2675; x_wconf 86' lang='lat' dir='ltr'><strong><em>hoc</em></strong></span> <span class='ocrx_word' id='word_1_360' title='bbox 1245 2642 1351 2675; x_wconf 86' lang='lat' dir='ltr'>modo</span> <span class='ocrx_word' id='word_1_361' title='bbox 1381 2642 1504 2688; x_wconf 87' lang='lat' dir='ltr'>dispo-</span> 
     </span>
     <span class='ocr_line' id='line_1_42' title="bbox 58 2688 1505 2733; baseline 0.001 -13"><span class='ocrx_word' id='word_1_362' title='bbox 58 2688 158 2728; x_wconf 76' lang='lat' dir='ltr'>situs,</span> <span class='ocrx_word' id='word_1_363' title='bbox 184 2689 258 2721; x_wconf 85' lang='lat' dir='ltr'>fere</span> <span class='ocrx_word' id='word_1_364' title='bbox 286 2690 434 2733; x_wconf 80' lang='lat' dir='ltr'>singulis</span> <span class='ocrx_word' id='word_1_365' title='bbox 459 2691 557 2723; x_wconf 83' lang='lat' dir='ltr'>annis</span> <span class='ocrx_word' id='word_1_366' title='bbox 589 2691 632 2723; x_wconf 84' lang='lat' dir='ltr'><strong><em>ab</em></strong></span> <span class='ocrx_word' id='word_1_367' title='bbox 659 2691 745 2724; x_wconf 87' lang='lat' dir='ltr'>urbe</span> <span class='ocrx_word' id='word_1_368' title='bbox 780 2691 944 2724; x_wconf 85' lang='lat' dir='ltr'>recedere</span> <span class='ocrx_word' id='word_1_369' title='bbox 978 2690 1124 2722; x_wconf 79' lang='lat' dir='ltr'>voiebat</span> <span class='ocrx_word' id='word_1_370' title='bbox 1149 2695 1185 2722; x_wconf 88' lang='lat' dir='ltr'><strong><em>et</em></strong></span> <span class='ocrx_word' id='word_1_371' title='bbox 1211 2690 1246 2722; x_wconf 88' lang='lat' dir='ltr'><strong><em>in</em></strong></span> <span class='ocrx_word' id='word_1_372' title='bbox 1271 2690 1420 2733; x_wconf 81' lang='lat' dir='ltr'>patriam</span> <span class='ocrx_word' id='word_1_373' title='bbox 1449 2700 1505 2722; x_wconf 86' lang='lat' dir='ltr'>re-</span> 
     </span>
     <span class='ocr_line' id='line_1_43' title="bbox 60 2735 1504 2783; baseline 0 -14"><span class='ocrx_word' id='word_1_374' title='bbox 60 2735 160 2775; x_wconf 82' lang='lat' dir='ltr'>verti,</span> <span class='ocrx_word' id='word_1_375' title='bbox 186 2736 278 2768; x_wconf 85' lang='lat' dir='ltr'>sorte</span> <span class='ocrx_word' id='word_1_376' title='bbox 302 2742 340 2769; x_wconf 84' lang='lat' dir='ltr'><strong><em>ut</em></strong></span> <span class='ocrx_word' id='word_1_377' title='bbox 365 2748 428 2770; x_wconf 86' lang='lat' dir='ltr'><strong><em>nos</em></strong></span> <span class='ocrx_word' id='word_1_378' title='bbox 454 2742 573 2772; x_wconf 78' lang='lat' dir='ltr'>nostra</span> <span class='ocrx_word' id='word_1_379' title='bbox 599 2749 855 2772; x_wconf 82' lang='lat' dir='ltr'>accuraremus.</span> <span class='ocrx_word' id='word_1_380' title='bbox 921 2736 984 2771; x_wconf 87' lang='lat' dir='ltr'><strong><em>sed</em></strong></span> <span class='ocrx_word' id='word_1_381' title='bbox 1010 2747 1128 2783; x_wconf 87' lang='lat' dir='ltr'>neque</span> <span class='ocrx_word' id='word_1_382' title='bbox 1152 2736 1220 2769; x_wconf 82' lang='lat' dir='ltr'><strong><em>hac</em></strong></span> <span class='ocrx_word' id='word_1_383' title='bbox 1245 2737 1382 2770; x_wconf 86' lang='lat' dir='ltr'>ratione</span> <span class='ocrx_word' id='word_1_384' title='bbox 1411 2738 1504 2782; x_wconf 74' lang='lat' dir='ltr'>passi</span> 
     </span>
    </p>
   </div>
   <div class='ocr_carea' id='block_1_5' title="bbox 149 2803 1309 2839">
    <p class='ocr_par' dir='ltr' id='par_1_5' title="bbox 149 2803 1309 2839">
     <span class='ocr_line' id='line_1_44' title="bbox 149 2803 1309 2839; baseline -0.002 0"><span class='ocrx_word' id='word_1_385' title='bbox 149 2803 358 2839; x_wconf 63' lang='lat' dir='ltr'><strong><em>Phr-annes.</em></strong></span> <span class='ocrx_word' id='word_1_386' title='bbox 1267 2807 1309 2839; x_wconf 60' lang='lat'><strong><em>3⁴</em></strong></span> 
     </span>
    </p>
   </div>
  </div>
 </body>
</html>
