1806 3190
499 193 503 198 .
541 167 745 207 Liss.1v.
797 166 916 208 CAP.
943 169 996 207 v.
1039 203 1040 206 ,
1375 147 1488 223 373

38 265 341 322 οἷναφαήιεταιέ
409 267 482 310 καί
519 268 607 315 πῶς
649 265 730 308 άπὸ
756 267 836 308 ,τοῦ
877 266 984 308 θεοῦ
1018 265 1094 307 τοῦ
1134 264 1268 320 πάσης
1298 265 1491 308 ἐπέκεινα

35 328 268 385 εὐθύτητος
297 333 370 373 καί
396 330 624 387 ἁπλότητος
643 349 657 384 ,·
695 330 760 374 ἔτι
800 332 1094 384 πεπλασμένας
1132 333 1206 373 καί
1244 330 1492 386 τερατώδεις

25 386 233 451 θεωρίας·
253 398 462 451 περιέχεν
493 396 676 446 καὶπῶς
704 399 828 439 τοῦτο
858 395 942 439 άπὸ
975 397 1081 438 θεοῦ
1108 399 1184 439 τοῦ
1211 398 1390 452 ποιητοῦ
1421 396 1493 440 καί

15 455 211 518 ’δοτῆρας
247 465 322 518 τῆς
366 462 572 518 ἀληθείας
585 481 600 515 ,·
648 464 697 505 τὸ
743 465 790 505 δὲ
818 461 985 505 πάντων
1024 462 1107 505 τῶν
1146 465 1283 504 κακῶν
1311 460 1492 516 ἔσχατον

35 530 110 577 ,καί
150 530 340 585 πρῶτον,
374 525 441 571 ὅτι
485 528 599 584 παρά
642 531 840 582 δαιζιιονος
879 528 1055 584 ἐξεδόθη
1098 527 1144 571 τὸ
1191 530 1378 578 τοιοῦτον
1422 543 1492 569 κο-

35 591 143 648 ράν,
188 591 267 637 κᾶν
292 597 365 638 καί
398 594 473 638 τὸν
501 594 604 637 θεὸν
645 592 941 648 διαβάλλοντες
970 595 1144 648 λέγωσιν
1176 592 1242 638 ὅτι
1270 594 1353 636 οἷπὸ
1384 595 1493 637 θεοῦ

36 658 181 716 ἐδόθη.

86 744 94 753 ¹
148 726 370 779 Θαυμάζω
401 725 489 781 γὰρ
516 725 646 782 ἔγωγε
661 728 735 769 καί
762 729 857 768 λιάν
875 723 1154 782 ἑκπλήττομαι
1173 726 1260 777 πῶς
1289 725 1359 769 τὸν
1380 729 1493 780 Χρι-

34 789 130 835 στὸν
170 791 348 848 ἀφέντες
384 792 422 835 οἱ
464 791 639 844 τάλανες
677 789 971 848 ἠκολούθησαν
1007 795 1064 850 τῷ
1091 792 1308 847 Μωάμεθ.
1364 792 1493 843 αὐτὸς

35 857 109 900 καί
131 858 210 914 γὰρ
240 857 262 899 ὁ
291 860 366 900 τοῦ
383 860 591 911 Μωάμεθ
605 858 744 912 νόμος,
765 861 876 901 τοῦτ’
894 858 983 901 ἔστι
1012 859 1056 901 τὸ
1079 859 1221 913 κοράν,
1251 859 1354 903 αὐτὸ
1371 859 1490 902 τοῦτο’

35 939 172 980 φησιν·
194 920 258 966 ὅτι
297 926 353 965 δι’
381 926 556 979 α’γγὲλου
586 925 864 981 εὐηγγελίσθη
893 928 947 983 τῇ
976 928 1103 980 μητρί
1147 927 1224 967 τοῦ
1249 921 1390 979 Ἰησοῦ
1418 927 1492 967 καί

35 988 107 1030 διὰ
141 987 376 1042 πνεύματος
404 991 524 1044 ἁγίου
554 988 739 1047 ἡγιάσθη
768 994 842 1034 καί
867 993 919 1049 τῇ
949 993 1125 1044 δυνάμει
1141 993 1215 1033 τοῦ
1241 994 1346 1032 θεοῦ
1369 1007 1490 1034 συνε-

35 1054 196 1111 λήφθη,
226 1055 316 1098 ἀλλ’
343 1058 398 1097 ου’
424 1055 593 1112 φύσεως
623 1059 823 1115 ἐνεργείᾳ,
854 1058 926 1100 καί
951 1060 996 1100 ἐκ
1024 1059 1237 1112 παρθένου
1258 1057 1490 1112 ἁγιωτάτης

34 1119 107 1162 καί
132 1119 240 1178 ὑπὲρ
270 1122 410 1172 πάσας
437 1121 510 1171 τὰς
540 1119 667 1172 ἄλλας
687 1130 887 1178 γυναῖκας
919 1127 1114 1178 καθαρᾶς
1141 1126 1417 1179 γεννηθῆναι·
1445 1125 1491 1166 ἐν

33 1185 115 1242 γάρ
141 1187 198 1243 τῷ
227 1191 442 1245 κεφαλαίῳ
480 1190 538 1245 τῷ
567 1188 754 1231 Αἰνεσάν
785 1206 915 1245 φησιν
936 1185 1000 1231 “03
1030 1186 1193 1244 ἑταῖροι
1218 1191 1288 1244 τῆς
1317 1189 1494 1243 βίβλου”

34 1254 167 1307 (τοῦτ’
198 1251 311 1294 ἔστιν
338 1252 376 1294 οἱ
407 1256 601 1310 πιστοί),
635 1254 722 1310 αμὴ
752 1257 889 1308 λέγετε
916 1257 1014 1309 περὶ
1050 1258 1124 1297 τοῦ
1150 1257 1255 1296 θεοῦ
1282 1254 1390 1310 πλὴν
1418 1255 1492 1310 τῆς

34 1318 262 1372 ἀληθείας,
293 1315 358 1360 ὅτι
400 1316 420 1359 ὃ
448 1318 635 1374 Χριστὸς
670 1320 831 1374 Ἰησοῦς
871 1319 963 1369 υἱός
993 1323 1080 1363 ἐστι
1109 1322 1180 1375 τῆς
1208 1323 1390 1376 Μαρίας
1418 1323 1494 1363 καί

34 1381 263 1434 α’πόστολος
293 1387 399 1425 θεοῦ
425 1388 495 1425 καί
524 1385 640 1439 λόγος
668 1388 786 1439 θεοῦ,
825 1384 874 1428 ὂν
897 1388 941 1429 ἐν
971 1386 1081 1444 αὐτῇ
1108 1384 1232 1442 ἔθηκε
1261 1387 1330 1428 διὰ
1361 1387 1490 1428 πνεύ-

33 1464 165 1501 ματος
192 1451 270 1491 τοῦ
296 1449 458 1504 άγιὀυ.”
513 1450 606 1493 ἰδού
635 1454 736 1506 γοῦν
763 1450 866 1494 θεὸν
892 1448 1102 1505 ὂνομάσας
1131 1450 1205 1493 καί
1232 1452 1353 1505 λόγον
1380 1455 1490 1494 θεοῦ

33 1516 108 1557 καί
132 1517 295 1568 πνεῦμα
335 1512 452 1570 ἅγιον
491 1515 569 1571 τήν
611 1514 941 1572 τρισυπόστατον
977 1515 1133 1572 τριάδα
1179 1514 1200 1558 ὅ
1231 1512 1380 1567 ἅθλιος
1409 1514 1488 1559 οὐκ

33 1579 169 1637 ἤνοιξε
197 1579 296 1631 τούς
320 1584 394 1637 τῆς
428 1585 572 1638 ψυχῆς
600 1582 850 1638 ὀφθαλμοὺς
878 1585 984 1626 ἰδεῖν
1010 1584 1056 1625 τὸ
1089 1586 1180 1639 φῶς
1208 1586 1279 1638 τῆς
1304 1584 1488 1639 τριάδος.

33 1647 107 1688 καί
133 1646 326 1697 εἰκότως·
383 1645 521 1704 ὥσπερ
561 1647 642 1704 γάρ
674 1647 726 1690 τά
752 1651 796 1699 ἐν
833 1651 885 1707 τῇ
915 1652 1050 1708 κοιλίᾳ
1081 1651 1152 1705 τῆς
1182 1648 1343 1705 μητρὸς
1368 1650 1487 1706 εὑρι-

131 1791 188 1827 1¹·
215 1779 234 1824 ἢ
257 1781 376 1828 μήτηρ
399 1781 424 1815 Ρ

35 1893 228 1928 manifesta
253 1893 440 1927 mendacia
474 1895 682 1935 contineat,
716 1893 754 1927 id
779 1893 878 1940 quod
914 1906 935 1928 a
959 1893 1026 1929 deo
1063 1906 1206 1941 prorsus
1232 1897 1389 1930 alienum
1413 1902 1486 1940 θεῖς

35 1947 80 1975 ut
101 1941 282 1974 violentus
313 1942 361 1974 sit
389 1947 426 1974 et
452 1941 656 1974 libertatem
685 1942 802 1982 tollat,
828 1953 933 1988 quam
950 1942 1038 1976 deus
1061 1955 1245 1988 nunqu-‘un
1274 1946 1418 1987 evertit3
1446 1950 1488 1978 ut

35 1987 319 2034 perturbationis
344 1987 473 2032 plenus
490 1989 547 2028 sit,
574 1999 667 2033 quae
685 1999 706 2020 a
734 1988 802 2022 deo
819 1989 924 2034 longe
944 1989 1057 2031 abest,
1083 1990 1378 2036 quandoquidem
1398 1991 1488 2025 deus

34 2046 110 2069 non
135 2040 191 2068 est
213 2034 496 2080 perturbationis
520 2034 628 2078 ‹leus5
667 2040 708 2068 ut
729 2047 859 2080 pravus
886 2037 953 2077 sit,
981 2048 1093 2082 quum
1118 2037 1205 2070 deus
1234 2039 1330 2071 omni
1355 2038 1401 2071 sit
1423 2049 1488 2071 ae-

35 2082 179 2128 quitate
199 2087 236 2115 et
258 2082 400 2116 iustitia
422 2083 609 2127 superior3
637 2087 677 2116 ut
699 2083 830 2116 itinera
858 2083 986 2117 fictitia
1001 2089 1038 2117 et
1053 2084 1256 2129 prodigiosa
1281 2085 1486 2127 contineat,

36 2140 148 2174 quum
181 2127 269 2162 deus
310 2129 358 2162 sit
391 2129 507 2162 omnis
549 2129 709 2162 veritatis
735 2135 870 2163 auctor.
932 2142 1085 2176 quorum
1126 2132 1302 2164 malorum
1327 2133 1487 2165 omnium

35 2176 191 2221 primum
218 2181 255 2210 et
276 2180 494 2220 postremum
522 2181 598 2216 est,
631 2176 729 2221 quod
754 2188 774 2209 a
799 2176 977 2211 daemone
1010 2178 1129 2211 editus
1164 2184 1218 2213 est
1253 2190 1362 2212 coran
1397 2179 1486 2221 iste,

36 2223 199 2268 quamvis
223 2234 305 2256 eum
329 2234 350 2255 a
377 2222 444 2256 deo
471 2223 608 2256 editum
635 2234 711 2257 esse
739 2224 860 2258 dicant
885 2224 990 2258 deum
1018 2225 1288 2258 calumniantes.

130 2270 244 2303 Miror
275 2269 443 2315 equidem
467 2276 505 2303 et
527 2269 719 2303 admodum
747 2276 896 2316 stupe0‚
922 2272 1047 2317 quod,
1076 2273 1217 2306 Christo
1242 2272 1388 2313 relicto,
1415 2273 1486 2306 mi-

0 2303 3 2365 }
37 2317 106 2350 seri
130 2317 190 2350 isti
226 2316 467 2351 Mohametem
508 2318 621 2350 secuti
647 2318 729 2351 sint.
754 2318 791 2351 in
816 2319 893 2363 ipsa
920 2320 1014 2352 enim
1040 2319 1255 2352 Mohametis
1282 2319 1362 2363 lege
1388 2319 1425 2352 h.
1453 2330 1485 2353 e.

0 2370 3 2411 j
35 2374 164 2397 corane
194 2363 354 2404 docetur,
379 2363 555 2398 Christum
581 2375 646 2405 per
669 2365 834 2409 angelum
858 2367 964 2399 matri
989 2368 1067 2399 Iesu
1093 2366 1396 2410 praenuntiatum,
1422 2378 1487 2412 per

0 2414 2 2448 ξ
36 2410 202 2455 spiritum
218 2415 380 2444 sanctum
398 2411 672 2452 sanctificatum,
686 2412 719 2444 vi
736 2411 869 2454 divina,
883 2425 958 2446 non
972 2413 1139 2453 naturali,
1155 2418 1380 2458 conceptum,
1406 2419 1443 2447 et
1467 2424 1488 2447 e

0 2455 3 2500 ᾗ
34 2457 170 2502 virgine
190 2458 410 2491 sanctissima
434 2463 470 2491 et
493 2470 578 2503 prae
602 2458 766 2492 omnibus
793 2460 937 2493 feminis
964 2471 1052 2505 pura
1080 2465 1204 2492 natum
1232 2471 1319 2493 esse.
1370 2461 1489 2506 capite

0 2501 3 2538 ,ἰ
35 2504 200 2538 Aenesan
225 2505 320 2538 enim
345 2504 434 2539 dicit
452 2503 567 2538 “socii
595 2505 812 2550 scriptura&
838 2506 890 2552 (h.
917 2518 948 2540 e.
978 2507 1142 2552 fideles),
1165 2506 1237 2540 “ne
1264 2507 1392 2541 dicatis
1415 2508 1488 2542 nisi

0 2540 2 2587 ἶ
36 2561 156 2585 verum
183 2551 228 2584 de
256 2551 337 2593 deo,
362 2552 479 2585 Iesum
512 2552 693 2586 Christum
729 2554 843 2587 filium
868 2553 1003 2586 Mariae
1033 2559 1069 2586 et
1092 2554 1250 2597 legatum
1279 2559 1316 2587 et
1339 2554 1490 2589 verbum

0 2589 2 2642 J
37 2596 96 2631 dei
126 2609 216 2640 esse,
241 2610 349 2644 quem
375 2599 413 2632 in
440 2610 482 2632 ea
500 2600 691 2633 collocavit
715 2611 780 2644 per
803 2601 967 2645 spiritum
993 2599 1188 2633 sanctium„
1236 2601 1360 2646 itaque
1383 2603 1490 2635 miser

0 2643 2 2675 Ι
34 2645 118 2684 iste,
138 2656 250 2690 quum
280 2645 384 2678 deum
410 2646 612 2691 appellaret
635 2652 672 2680 et
696 2647 842 2680 verbum
867 2647 926 2680 dei
950 2652 986 2679 et
1011 2647 1175 2692 spiritum
1207 2654 1369 2682 sanctum
1394 2648 1429 2681 h.
1455 2660 1486 2682 e.

0 2704 2 2735 ᾗ
37 2696 195 2725 sanctam
239 2693 461 2734 trinitatem,
496 2704 570 2726 non
594 2695 735 2739 aperuit
763 2699 883 2727 tamen
916 2693 1039 2727 oeulos
1066 2695 1197 2728 mentis
1222 2694 1268 2728 ad
1293 2695 1488 2729 videndum

0 2741 1 2765 ἒ
39 2738 162 2774 lumen
181 2739 367 2774 trinitatis.
419 2740 584 2775 nimirum
621 2742 712 2775 sicut
736 2742 774 2775 iu
804 2746 926 2776 ventre
962 2741 1086 2776 matris
1111 2741 1206 2777 setus
1230 2743 1408 2778 immaturi
1434 2744 1486 2778 vi-
