1806 3190
294 142 403 198 206
706 153 931 193 Gssossou
971 148 1287 191 PuRANTzAE

290 263 354 300 λιν
383 254 487 310 μετὰ
519 255 595 295 τοῦ
625 246 829 292 αὖθέντου
854 247 972 302 ἡμῶν
991 250 1066 290 τοῦ
1091 250 1186 289 νὲου
1216 245 1470 299 ἐστεμμένου
1503 249 1720 300 βασιλέως,

253 334 278 365 B
291 321 394 376 μετά
426 316 727 363 Καταλανικῶν
767 312 991 368 τριήρεων,
1032 315 1103 356 καί
1150 311 1263 367 παρά
1303 309 1469 354 πάντων
1506 314 1723 363 α’σπασίως

291 388 446 443 ἐδέχθη
473 385 492 426 ὁ
521 387 608 431 νέος
636 377 738 431 ἅναξ
761 380 864 432 μετὰ
893 381 1048 434 χαρᾶς,
1082 379 1364 433 ἐμπλησμὲνοι
1391 374 1567 427 ἅπαντες
1595 378 1724 432 α’γαλ-

292 455 464 500 λιασεως
489 452 560 492 καί
590 447 857 502 εὐφροσύνης,
888 447 960 486 καὶ
977 443 1216 498 θριάμβους
1232 444 1439 497 μεγάλους
1465 442 1725 497 ποιήσαντες,

292 520 349 568 ὥς
377 517 472 564 ἔθος
500 514 610 556 ἐστίν
639 517 724 560 τοῖς
743 512 891 552 νεωστὶ
909 512 1172 562 ἑστεμμένοις
1199 511 1421 562 βασιλεῦσι
1441 512 1588 554 ποιεῖν,
1616 509 1763 561 μετὰό

294 586 341 626 δέ
369 597 482 629 τινας
512 580 671 633 ἡμέρας
698 575 770 618 τὸν
804 576 1070 631 αυ’τάὸέλφον
1101 575 1236 616 αὑτοῦ
1262 573 1334 616 τὸν
1359 573 1438 628 κύρ
1470 574 1630 625 Θωμᾶν
1653 573 1727 615 τόν

293 643 625 691 αὖθεντόπουλον
653 644 712 692 εἰς
740 640 786 683 τὸ
817 639 1056 683 δεσποτικὸν
1088 641 1252 692 α’ξίωμα
1280 639 1516 693 ἀνεβίβασε.
1572 637 1646 680 καί
1669 640 1728 695 τῷ

296 714 406 769 αύτῷ
440 710 519 752 ἔτει
547 711 590 751 ἐν
617 707 720 764 μηνὶ
745 707 980 764 Αὐγούστῳ
1009 704 1188 757 ἐξελθών
1206 708 1281 760 τῆς
1309 702 1468 754 πόλεως
1494 703 1515 746 ὃ
1544 720 1728 761 προρρη-

296 780 386 827 &sig
416 773 609 829 δεσπότης
649 772 726 827 κὺρ
774 774 929 826 Θωμᾶς
975 773 1163 827 ἀπῆλθεν
1207 773 1266 820 εἰς
1294 770 1627 826 Πελοπόννησον.
1681 770 1734 826 τῇ

298 846 345 886 δὲ
373 842 510 898 πρώτῃ
540 839 820 893 Σεπτεμβρίου
852 840 928 880 τοῦ
957 835 1080 898 ,ςῧνέ
1110 835 1226 887 ἔτους
1255 838 1402 890 ἐξῆλθε
1428 838 1502 878 καί
1529 833 1550 877 ὅ
1585 834 1728 878 δεσπό-
1747 851 1798 886 ιο

298 925 371 966 της
399 909 419 949 ὃ
445 907 829 962 πορφυρογέννητος
856 903 933 959 κύρ
970 901 1226 958 Δημήτριος,
1255 902 1328 944 καί
1355 903 1516 956 α’πῆλθε
1546 897 1731 950 κάκεῖνος

298 977 357 1024 εἷς
370 970 696 1026 Πελοπόννησον,
722 969 795 1012 καί
808 967 1036 1023 συμβάσεις
1054 970 1149 1021 μεθ’
1176 965 1311 1023 ὅρκων
1339 970 1525 1024 φρικτῶν
1547 966 1626 1022 πρὸ
1657 968 1736 1008 τοῦ

299 1042 480 1092 ἐξελθεῖν
498 1038 649 1086 αὐτοῦς
671 1038 744 1090 τῆς
772 1034 928 1084 πόλεως
955 1033 1130 1077 ε’νιόπιον
1152 1036 1225 1088 τῆς
1253 1035 1400 1088 κυρίας
1422 1031 1578 1088 μητρὸς
1599 1033 1736 1075 αὐτῶν

300 1107 372 1148 καί
392 1105 636 1159 βασιλίσσης
653 1104 724 1144 καί
744 1104 821 1142 τοῦ
838 1100 1140 1155 αὐτοκράτορος
1166 1099 1239 1142 καί
1265 1100 1456 1156 ἀδελφοῦ
1483 1098 1555 1142 καί
1570 1097 1736 1141 πάντων

300 1174 383 1214 ταῖν
405 1174 476 1225 τῆς
505 1167 730 1223 συγκλήτου
755 1168 949 1221 ἐγκρίτων
969 1162 1183 1221 ἆρχόντων
1203 1164 1460 1221 ποιήσαντες,
1491 1165 1559 1207 ἵνα
1590 1165 1738 1219 μηδείς
1756 1165 1799 1207 15

301 1238 379 1279 τοῦ
404 1233 545 1289 ἑτέρου
574 1230 672 1282 τους
697 1231 847 1281 τόπους
868 1231 941 1273 καί
966 1229 1064 1287 ὅρια
1093 1232 1315 1288 ὖπερπηδᾷ
1334 1233 1406 1274 καί
1433 1229 1622 1287 ἁρπάζῃ,
1649 1230 1740 1272 ἀλλ’

302 1302 515 1357 εἰρηνικαῖς
544 1298 713 1353 διάγειν.
770 1294 888 1339 οὗτοι
920 1299 966 1338 δὲ
997 1295 1098 1349 μετὰ
1126 1298 1258 1338 ταῦτα
1289 1294 1348 1351 μή
1367 1297 1618 1351 τηρήσαντες
1645 1294 1741 1344 τούς

304 1366 459 1422 ὅρκους
481 1368 553 1408 καί
581 1363 656 1414 τάς
681 1362 894 1418 συνθήκας
926 1363 1185 1417 η’θέτησαν·’
1221 1359 1291 1403 διά
1319 1364 1442 1404 τοῦτο
1471 1362 1514 1402 ἐν
1538 1359 1742 1412 ὑστέροις,

305 1434 362 1483 ὥς
391 1432 528 1488 ἐφάνη
557 1432 630 1473 καί
653 1427 765 1473 εἶδον
792 1425 904 1483 κάγώ
921 1460 932 1479 ,
978 1429 1113 1477 κακῶς
1150 1422 1360 1480 ἀπέλαβον
1388 1427 1461 1467 καί
1486 1425 1592 1481 πρὸς
1619 1420 1743 1479 ἀλλή-

305 1506 404 1548 λους
432 1497 696 1552 διετέθησαν,
724 1495 781 1544 ὥς
798 1493 942 1550 πρόσω
970 1491 1221 1549 διηγήσομαι
1237 1493 1287 1535 τὰ
1310 1489 1741 1548 παρακολουθήσαντα
1754 1507 1799 1535 ao

307 1561 547 1617 α’ναμεταξὺ
582 1561 734 1604 αὐτῶν.

421 1630 481 1685 Τῇ
510 1629 556 1669 δὲ
583 1627 755 1683 τετάρτῃ
795 1627 872 1668 τοῦ
899 1626 1149 1680 Ὀκτωβριόυ
1188 1623 1320 1680 μηνὸς
1359 1625 1435 1665 τοῦ
1464 1623 1598 1665 αὐτοῦ
1626 1616 1758 1670 ἔτους

308 1693 483 1750 ἐστάλην
511 1691 590 1748 ἐγώ
619 1691 734 1748 παρὰ
766 1693 840 1734 τοῦ
872 1691 1079 1734 αὖθέντου
1111 1707 1195 1745 μου
1215 1693 1287 1733 καί
1312 1691 1518 1743 βασιλέως
1545 1687 1647 1743 πρὸς
1673 1686 1746 1730 τὸν

402 1817 435 1849 3.
462 1816 730 1862 ἐμπλησθέντες
753 1814 778 1848 Ρ
870 1814 902 1858 4.
929 1814 1110 1856 ἐποίησαν
1136 1814 1160 1846 Ρ
1280 1815 1312 1847 5.
1338 1816 1462 1847 ποιεῖν
1488 1821 1545 1843 om
1570 1810 1595 1843 P
1709 1821 1743 1854 9.

401 1865 624 1908 παρεγένετο
651 1861 675 1893 Ρ
800 1872 851 1896 ιο.
880 1862 1095 1908 δεκεμβρίου
1121 1861 1145 1893 Ρ
1271 1861 1328 1893 23.
1355 1854 1422 1895 τὸν
1444 1856 1600 1903 Ἰβηρίας
1623 1855 1747 1901 Γεώρ-

401 1921 487 1956 γιον
510 1911 678 1955 πέμπτον
700 1907 725 1940 Ρ
1200 1935 1206 1939 .

312 2017 438 2045 ronato
454 2009 579 2043 urbem
602 2008 811 2042 intravimus
835 2007 873 2040 in
897 2007 1101 2041 triremibus
1117 2006 1344 2048 Catelauicis,
1368 2009 1657 2052 exceperuntque
1679 2012 1750 2036 no-

310 2070 391 2092 vum
442 2056 627 2091 (lominum
660 2055 817 2088 universi
848 2053 1002 2098 benigne
1036 2061 1071 2088 et
1094 2055 1267 2095 hilariter,
1301 2053 1441 2099 impleti
1468 2051 1689 2086 exultatione
1714 2055 1752 2083 et

311 2105 476 2145 laetitia,
498 2113 716 2147 magnosque
741 2106 883 2146 agentes
907 2102 1117 2146 triumphos,
1152 2100 1450 2147 quemadmodum
1476 2096 1752 2144 imperatoribus

314 2162 437 2185 recens
468 2150 645 2184 coronatis
671 2148 751 2182 fieri
775 2148 877 2181 solet.
911 2149 1034 2192 paucis
1059 2148 1186 2181 diebus
1219 2153 1301 2193 post
1333 2148 1506 2180 Thomam
1532 2144 1751 2190 principem,

315 2200 458 2232 fratrem
483 2207 697 2242 germanum,
723 2194 769 2228 ad
789 2194 997 2238 dignitatem
1013 2195 1231 2239 despoticam
1255 2194 1391 2228 evexit:
1417 2193 1479 2239 qui
1495 2191 1621 2226 eodem
1645 2201 1752 2230 anno,

315 2247 470 2289 Augusto
495 2254 616 2277 mense
643 2254 685 2276 ex
708 2242 796 2274 urbe
825 2252 982 2285 egressus
1007 2242 1044 2274 in
1072 2243 1356 2287 Peloponnesum
1381 2240 1483 2274 abiit.
1507 2237 1663 2272 calendis
1690 2237 1754 2270 Se—

315 2291 536 2337 ptembribus
561 2291 645 2323 anni
670 2289 761 2332 6955
794 2289 902 2321 etiam
927 2288 1128 2322 Demetrius
1156 2290 1307 2333 despota
1334 2286 1655 2333 porphyrogenitus
1681 2283 1756 2316 ‹lis-

318 2339 423 2372 cessit
450 2338 685 2383 similiterque
711 2335 803 2368 abiit
827 2335 865 2367 in
890 2335 1185 2379 Peloponnesum.
1223 2335 1262 2368 hi
1293 2341 1485 2380 antequam
1511 2344 1555 2365 ex
1578 2331 1666 2364 urbe
1692 2341 1756 2363 ex-

319 2385 506 2426 cederent,
543 2395 660 2416 coram
687 2387 800 2415 matre
841 2381 1067 2425 imperatrice
1095 2389 1131 2416 et
1166 2383 1381 2428 imperatore
1410 2381 1521 2414 fratre
1545 2378 1754 2422 cunctisque

320 2431 490 2464 senatorii
520 2430 655 2463 ordinis
676 2430 760 2462 viris
785 2427 1001 2474 primoribus
1023 2428 1210 2462 horrendis
1235 2428 1463 2462 sacramentis
1487 2437 1525 2460 se
1553 2425 1756 2458 adstrinxe-

322 2483 415 2519 runt,
439 2483 480 2510 ut
503 2483 632 2510 neuter
657 2476 804 2509 alterius
827 2475 906 2508 loca
930 2475 1094 2519 finesque·
1116 2475 1303 2510 invaderet
1329 2481 1390 2508 aut
1412 2477 1580 2512 vastaret,
1605 2469 1668 2504 sed
1691 2481 1755 2515 pa-

323 2535 398 2557 cem
423 2529 578 2557 servaret
603 2528 765 2569 uterque.
798 2527 836 2555 at
867 2533 968 2561 mox,
993 2523 1165 2565 neglectis
1201 2535 1241 2556 ac
1264 2522 1407 2556 violatis
1436 2518 1666 2554 sacramentis
1692 2528 1758 2562 pa-

324 2571 598 2616 ctionibusque,
621 2575 767 2616 postea,
808 2574 849 2601 ut
876 2569 1076 2612 comparuit
1105 2581 1244 2615 egoque
1267 2571 1345 2614 ipse
1373 2567 1460 2609 vidi,
1486 2567 1578 2600 male
1602 2565 1698 2599 inter
1720 2574 1758 2597 se

326 2617 443 2696 δᾶερ-ᾗ
467 2623 519 2694 bet
554 2617 701 2650 animati
741 2616 902 2649 fuerunt:
940 2614 1036 2647 unde
1070 2627 1162 2661 quae
1197 2623 1318 2650 exorta
1354 2615 1426 2649 sint
1449 2615 1544 2651 inter
1566 2623 1639 2654 eos,
1668 2609 1761 2644 infra

328 2675 395 2710 exp
414 2674 466 2696 ica
494 2675 526 2696 o.

419 2709 486 2742 Die
510 2714 636 2754 quarto
662 2708 827 2743 Octobris
852 2707 1011 2743 eiusdem
1049 2707 1134 2741 anni
1166 2708 1211 2741 ab
1241 2709 1478 2754 imperatore,
1500 2706 1645 2740 domino
1670 2715 1761 2746 meo,
