1806 3190
548 211 644 250 Lm.
690 211 761 250 111.
801 209 917 250 CAP.
963 213 995 250 1.
1368 212 1479 266 209

14 300 206 356 [θέοντος
233 305 364 362 ζώνην
389 309 463 349 καί
487 314 574 358 τοῖς
601 304 741 357 ἄλλοις
766 311 1120 363 παρενοχλοῦντος
1137 314 1353 361 ποταμοῖς.
1386 311 1482 352 ἐπέ-

41 388 144 431 ρασε
172 375 218 415 δὲ
243 375 320 414 καί
340 388 434 414 τινα
456 369 582 415 ἄλλον
609 372 792 426 ποταμὸν
814 373 923 414 πάνυ
942 376 1217 424 ἐπικίνδυνον,
1245 374 1314 416 ἴνα
1341 372 1480 431 ὑπάγῃ

29 437 191 483 ,αὐτόθι
227 439 287 487 εἰς
326 438 425 487 τοὺς
461 439 762 493 Μακροβιόυς,
807 439 878 480 διά
905 456 946 481 τι
986 442 1091 490 ζῶον
1128 439 1332 494 α’μφίβιον
1371 443 1480 494 μέγα

6 503 222 560 ,ῑσφόδρῳ
249 502 274 544 ὃ
299 509 488 544 κατοικεῖ
507 505 551 545 ἐν
578 504 735 545 ἐκείνου
754 506 829 546 τοῦ
852 507 1045 556 ποταμοῦ
1071 506 1130 562 τῷ
1157 502 1297 556 ὕδατι,
1328 506 1479 547 καλού-

32 584 163 624 ςμενον
191 570 242 625 τῇ
267 571 433 610 ἐκείνων
453 571 650 626 διαλέκτῳ
680 568 1040 624 ὄδοντοτύραννον,
1070 567 1157 613 οἷον
1181 570 1255 612 καί
1268 572 1479 627 ἐλέφαντα

18 627 251 677 (καταπιεῖν
283 631 514 690 ὁλόκληρον.
571 633 831 688 εὑρίσκονται
857 636 904 676 δὲ
930 636 974 676 ἐν
1002 637 1170 685 ἐκείνοις
1199 642 1285 686 τοῖς
1311 635 1482 693 ἐρήμοις

37 699 178 749 τόποις
221 700 293 741 καί
320 703 438 754 ἕτερα
471 699 603 741 πολλοὶ
648 700 921 756 φοβερώτατα
965 702 1052 752 ζῶα
1082 705 1153 743 καί
1182 705 1326 757 θηρία,
1351 705 1396 753 ἐξ
1423 697 1483 743 ὧν

38 768 122 808 εἰσί
145 768 364 820 δράκοντες
385 771 570 808 πλεῖστοι
587 767 657 807 καί
671 769 856 819 μέγιστοι
877 767 1045 822 σφόδρα
1067 766 1170 809 ώσεί
1195 770 1342 822 πηχῶν
1358 765 1482 822 {5660-

37 831 241 886 μήκοντα,
267 831 311 873 τὸ
341 834 387 874 δὲ
413 834 590 885 μέγεθος
613 834 686 873 καί
722 831 767 874 τό
797 831 930 886 πάχος
959 831 1063 874 πολύ
1096 832 1169 874 καί
1193 836 1480 889 φρικωδέστα-

41 913 127 950 τον,
156 897 343 952 σκορπίοι
371 899 449 950 μὲν
477 903 697 952 πηχυαῖοι,
728 897 765 940 οἱ
793 899 839 940 δὲ
866 897 1081 953 μύρμηκες
1110 903 1380 952 σπιθαμιαῖοι
1411 899 1484 941 καὶ

40 965 180 1015 πλέον,
202 966 436 1018 νυκτερίδες
464 965 511 1004 δὲ
535 964 591 1012 ὡς
611 962 780 1017 κόρακες
795 966 968 1019 θερινοί,
998 969 1120 1016 μυῖαι
1139 966 1184 1005 δὲ
1202 964 1304 1006 ώσεί
1329 981 1481 1019 στρου-

30 1030 115 1072 'Sia
145 1028 194 1071 τὰ
224 1031 295 1071 ἐπὶ
321 1029 523 1083 δώματος.
593 1029 662 1070 διὰ
705 1031 829 1071 τοῦτο
875 1032 949 1071 καί
975 1032 1120 1071 ἐκεῖνοι
1161 1028 1198 1072 οἱ
1229 1027 1348 1072 τόποι
1375 1033 1482 1073 εἶσίν

28 1095 239 1150 ὀἷοίκητοι,
272 1095 341 1137 διὰ
373 1095 424 1137 τὰ
457 1095 618 1151 φοβερὰ
648 1097 780 1150 θηρία
809 1097 883 1137 καί
905 1094 1182 1151 φαρμακώδη.
1240 1095 1277 1138 οἱ
1305 1098 1482 1153 ἐλέφαν-

41 1176 109 1209 τες
151 1163 197 1202 δὲ
234 1164 321 1203 κατ’
350 1163 508 1215 ἐκείνην
543 1162 619 1216 την
645 1160 790 1215 χώραν
820 1160 903 1203 εἰσί
943 1162 989 1202 τό
1020 1164 1179 1216 πλῆθος
1211 1160 1351 1218 ιδ’σπερ
1386 1165 1483 1205 καθ’

43 1225 152 1282 ἡμᾶς
180 1226 217 1268 οἱ
242 1226 338 1279 βόες
366 1230 437 1268 καί
465 1228 611 1280 α’γέλαι
639 1226 873 1282 προβάτων,
915 1227 958 1270 οἳ
981 1230 1055 1268 καί
1080 1227 1281 1283 α’γεληδὸν
1309 1227 1483 1284 πορευό-

36 1307 156 1346 μενοι
184 1293 420 1345 βόσκονται.
453 1294 683 1346 διατρίψας
717 1295 762 1334 ὸ”ὲ
792 1288 910 1341 οὗτος
938 1295 982 1334 έν
1011 1295 1142 1350 ἐκείνῃ
1170 1294 1221 1350 τῇ
1247 1292 1365 1352 χώρᾳ
1391 1310 1483 1335 και-

40 1355 101 1416 ῥῷ
124 1361 207 1400 τινί
244 1360 318 1400 καί
345 1357 419 1413 τήν
446 1357 660 1399 διάλεκτον
701 1359 776 1400 τοῦ
802 1357 930 1400 τόπου
961 1359 1116 1400 ἐκείνου
1146 1362 1280 1408 καλῶς
1307 1358 1483 1412 ἔμαθεν,

38 1423 112 1465 καί
137 1417 379 1478 ἐνεθυμήθη
423 1422 492 1465 ἵνα
537 1424 580 1465 ἐν
607 1426 662 1479 τῇ
698 1425 871 1479 πατρίδι
904 1426 1125 1480 ἐπανέλθῃ.
1199 1427 1276 1466 καί
1296 1441 1377 1466 τινι
1401 1427 1484 1466 τῶν

41 1489 239 1532 ἐντοπίων
277 1491 351 1544 τήν
395 1486 561 1544 γνώμην
600 1489 734 1531 αὗτοῦ
773 1488 929 1541 εἰπών,
968 1493 1204 1543 παρέλαβεν
1245 1489 1376 1533 αὐτὸν
1411 1493 1486 1532 καί

30 1550 188 1620 ,ἤγαγεν
214 1557 260 1597 ἐν
286 1554 398 1614 τόπῳ
418 1558 505 1597 τινί
531 1554 635 1597 ἔνθα
654 1556 699 1597 ἐκ
718 1558 801 1597 τῶν
829 1554 986 1606 ἔξωθεν
1010 1555 1148 1597 Ἰνδῶν
1178 1556 1331 1598 α’κοίτια
1359 1554 1479 1611 ἐρχό-

1469 1617 1482 1632 t

37 1637 142 1676 μενα
179 1621 255 1664 καί
297 1622 453 1678 φόρτον
504 1624 703 1664 ποιοῦντα
753 1619 985 1676 ἀρωμάτων
1031 1617 1097 1675 ἦν.
1183 1622 1254 1663 καί
1291 1622 1422 1675 ἐμβὰς
1462 1637 1482 1662 ο

132 1737 164 1758 2.
197 1725 237 1761 δὲ
263 1738 319 1759 om
344 1726 369 1759 P
461 1729 493 1761 3.
520 1729 596 1763 ἐκεῖ
611 1727 672 1762 ἐπὶ
697 1727 721 1760 Ρ
830 1728 863 1761 5.
893 1725 1142 1772 ὁδοτύραννον
1165 1726 1202 1760 Μ
1297 1727 1482 1774 ἐλέφαντα

134 1774 291 1808 δύναται
315 1786 392 1807 κατ.
421 1773 459 1806 Μ
607 1785 657 1808 12.
683 1773 806 1809 ἕνεκεν
831 1773 904 1809 τῶν
930 1774 1100 1820 φοβερῶν
1124 1777 1270 1820 θηρίων
1293 1778 1356 1808 καὶ
1381 1774 1480 1819 ἰοβό-

133 1821 216 1855 λων.
243 1823 304 1854 καὶ
331 1822 367 1855 οἱ
391 1822 414 1852 l’
514 1822 563 1864 ¹4·
593 1819 632 1855 τὸ
661 1831 717 1853 0111
742 1821 767 1854 P
877 1821 928 1854 15.
959 1819 1177 1867 ἀγελοειὸὦς
1200 1823 1224 1855 P
1333 1824 1383 1856 16.
1413 1818 1480 1858 οὖν

134 1865 251 1906 οὕτως
275 1868 299 1902 P
403 1878 460 1901 αι.
487 1863 532 1910 ἦν
555 1870 618 1901 καὶ
643 1878 700 1900 om
723 1867 749 1901 P

40 1979 115 2007 tum
140 1974 194 2006 sol
218 1973 262 2006 ad
286 1979 442 2007 nostram
469 1974 646 2017 regionem
687 1974 941 2021 borealemque
977 1974 1157 2020 procedat.
1184 1986 1254 2020 qua
1280 1972 1324 2007 de
1352 1983 1389 2006 re
1413 1984 1478 2006 au—

40 2021 149 2065 gescit
174 2020 275 2054 Nilus
300 2021 418 2054 media
443 2027 576 2055 aestate
610 2022 833 2067 inundatque
857 2023 1067 2067 Aegyptum,
1092 2026 1218 2067 utpote
1243 2021 1318 2054 sole
1354 2032 1480 2054 zonam

39 2068 148 2111 magis
180 2068 360 2101 borealem
391 2068 547 2101 obeunte
583 2074 619 2102 et
659 2069 814 2102 instante
842 2069 920 2102 aliis
948 2068 1163 2102 fluminibus.
1194 2069 1334 2102 traiecit
1360 2072 1479 2100 autem

41 2114 116 2154 ille,
140 2120 180 2148 ut
205 2115 250 2148 ad
278 2115 467 2159 longaevos
492 2116 705 2161 perveniret,
733 2116 837 2149 etiam
867 2116 975 2148 alium
996 2116 1172 2161 quendam
1190 2115 1347 2155 fluvium,
1374 2114 1478 2146 valde

38 2162 278 2207 periculosum
304 2169 452 2208 propter
475 2163 598 2207 ingens
618 2162 795 2207 quoddam
814 2163 943 2195 animal
972 2162 1210 2208 amphibium,
1238 2161 1335 2208 quod
1368 2161 1405 2193 in
1433 2171 1476 2194 eo

38 2206 187 2242 flumine
211 2210 308 2250 vivit,
332 2210 473 2242 illorum
501 2221 660 2242 sermone
687 2210 1011 2252 odontotyrannum
1036 2210 1268 2255 appellatum,
1297 2207 1393 2252 quod
1419 2208 1478 2241 vel

39 2254 214 2299 integrum
239 2257 352 2301 possit
375 2255 604 2302 elephantum
631 2257 808 2290 devorare.
829 2257 1061 2290 inveniuntur
1083 2257 1120 2288 in
1144 2257 1216 2289 illis
1244 2255 1332 2288 locis
1356 2254 1478 2287 deser-

39 2301 84 2334 tis
106 2309 291 2348 praeterea
318 2304 410 2336 aliae
433 2305 566 2336 multae
592 2303 792 2336 horrendae
821 2303 958 2336 bestiae
988 2310 1024 2337 et
1050 2303 1192 2344 beluae,
1223 2303 1322 2335 velut
1349 2301 1477 2334 draco-

39 2357 102 2382 nes
127 2350 271 2395 plurimi
299 2356 335 2383 et
359 2351 532 2394 ingentes,
563 2350 786 2395 longitudine
800 2350 999 2384 cubitorum
1027 2351 1101 2383 fere
1127 2350 1364 2395 septuaginta,
1390 2348 1476 2381 alti-

39 2395 166 2430 tudine
195 2403 231 2430 et
255 2397 446 2430 latitudine
470 2398 575 2442 longe
611 2398 880 2437 terribilissimi,
908 2398 1111 2442 scorpiones
1136 2396 1321 2436 cubitales,
1348 2395 1475 2428 formi-

41 2450 102 2475 cae
127 2445 231 2477 unius
256 2444 452 2489 spithainae
480 2450 516 2478 et
551 2446 715 2489 amplius,
743 2437 1013 2488 vespertili'ones
1047 2455 1230 2477 corvorum
1261 2442 1476 2476 aestivorum

40 2488 161 2531 instar,
185 2502 326 2524 muscae
352 2492 549 2536 passeribus
573 2503 673 2536 pares
699 2491 954 2535 magnitudine.
990 2496 1206 2537 quapropter
1233 2490 1341 2522 etiam
1369 2487 1475 2521 habi-

37 2537 103 2569 tari
131 2544 319 2582 nequeunt
343 2539 427 2570 illae
452 2539 625 2582 regiones,
650 2545 797 2583 propter
821 2538 912 2579 illas,
938 2537 1030 2579 dico,
1057 2537 1234 2570 terribiles
1262 2541 1297 2569 et
1319 2546 1478 2568 venena-

41 2586 94 2616 tae
120 2583 265 2618 bestias.
292 2585 563 2629 elephantorum
600 2591 717 2618 autem
744 2584 876 2618 ibidem
910 2590 1008 2617 tanta
1033 2583 1225 2617 multitudo
1253 2588 1317 2622 est,
1347 2588 1479 2627 quanta

41 2630 136 2673 apud
161 2643 225 2665 nos
249 2632 357 2664 boum
381 2638 488 2676 atque
515 2633 641 2672 ovium,
678 2637 942 2678 pascunturque
973 2632 1078 2664 etiam
1103 2630 1273 2674 gregatim
1299 2635 1476 2674 vagantes.

42 2675 105 2708 ille
131 2689 238 2723 quum
263 2690 304 2711 ea
328 2679 365 2711 in
394 2679 536 2722 regione
561 2679 784 2724 aliquamdiu
799 2683 1033 2712 commoratus
1066 2683 1157 2710 esset
1185 2678 1326 2722 iamque
1353 2676 1476 2721 pulcre

41 2721 222 2758 didicisset
247 2726 360 2769 gentis
386 2737 593 2766 sermonem,
618 2728 655 2759 iu
680 2727 830 2771 patriam
859 2725 973 2758 redire
990 2724 1143 2768 cupivit3
1171 2733 1351 2769 quumque
1375 2733 1476 2755 men-

0 2797 1 2800 ,
41 2773 110 2802 tem
142 2782 236 2804 suam
262 2773 454 2806 incolarum
490 2773 595 2806 alicui
632 2774 839 2819 aperuisset,
875 2770 1049 2812 deductus
1076 2770 1119 2802 ab
1149 2781 1191 2803 co
1217 2776 1269 2804 est
1294 2771 1330 2804 in
1356 2770 1473 2803 locum

108 2839 316 2876 miramus.
1117 2842 1154 2884 ¹4
