1806 3190
330 141 443 196 326
747 156 973 198 Gssoneu
1015 152 1334 194 PifflANTzAE

324 259 421 310 βίας
450 255 626 299 δυνατὸν
654 251 704 310 ἧν
730 254 1044 306 α’ποσταλθήναι
1061 251 1262 306 χρήματα
1291 249 1478 306 κρυφίως
1504 252 1758 304 πολυμερῶς,

325 322 398 364 καί
423 319 670 376 ἀνθρώπους
700 319 854 371 ὁμοίως
887 319 942 359 δι’
971 315 1097 358 ἄλλου
1127 317 1294 371 τρόπου.
1349 317 1437 357 ἄλλ’
1467 316 1542 356 οὐκ
1574 316 1759 357 α’πέλαυ·

322 403 394 429 σεν
422 389 520 429 οὐδὲ
548 383 655 427 εἶδεν
699 384 838 432 οὐδεὶς
869 383 940 425 ἕνα
972 381 1130 436 ὀβολόν.
1186 382 1277 434 ναί,
1312 382 1481 436 α’ληθαῖς
1509 381 1756 423 ἀπέστειλαν

321 452 452 494 πολλὰ
479 451 676 506 χρήματα
696 452 770 491 καί
795 447 1043 504 ἀνθρώπους
1069 446 1174 502 πρὸς
1194 445 1262 489 τὸν
1291 447 1460 502 ᾰμηρᾶν
1488 448 1754 501 πολιορκοῦν-

321 535 374 560 τα
400 516 474 571 τήν
507 514 649 556 πόλιν·
712 517 785 557 καί
823 513 1137 568 ἐθριάμβευσαν
1177 511 1334 561 αὐτους
1377 510 1415 554 οἱ
1451 513 1641 566 Τοῧρκοι,
1668 513 1787 555 ‹Yet-5

318 583 507 629 κνύοντες
545 576 610 622 ὅτι
650 579 743 622 ἰδοὺ
784 579 855 622 καί
897 578 935 621 οἱ
964 581 1114 634 Σέρβοι
1149 581 1246 620 καθ’
1285 578 1406 630 ὑμῶν
1434 579 1527 620 εἰσί.
1581 578 1644 625 τίς
1671 579 1755 618 τῶν

317 648 586 702 Χριστιανῶν
631 643 844 688 αὖθὲντων
881 642 909 701 ἢ
945 645 1113 700 Ἰβήρων
1152 644 1394 685 ἀπέστειλεν
1433 645 1505 684 ἕνα
1544 641 1693 695 ὀβολὸν
1726 637 1755 697 ἢ

315 714 565 766 ἀνθρώπους
592 714 652 761 εἰς
678 713 880 766 βοήθειαν
909 713 984 766 τῆς
1009 710 1178 762 πόλεως,
1211 705 1238 763 ἢ
1267 711 1460 763 φανερῶς
1484 705 1515 763 ἢ
1541 709 1755 764 κρυφίωςς

316 778 354 820 οἱ
389 775 598 833 Οἷῖγγαροι
626 781 672 820 δὲ
709 776 895 820 ἔστειλαν
922 778 1116 831 πρέσβεις
1148 774 1252 829 πρὸς
1282 773 1350 816 τὸν
1379 775 1548 830 ἆμηρᾶν
1575 777 1756 828 λέγοντες

315 842 377 886 ὅτι
405 846 643 897 σωζομένου
671 845 739 885 ἵνα
768 841 890 898 ἔχητε
916 845 988 884 καί
1013 840 1120 895 μετὰ
1148 843 1224 883 τοῦ
1251 843 1457 894 βασιλέως
1488 839 1654 895 εἰρήνην
1684 840 1755 880 καί
1771 855 1783 881 ι

315 907 492 965 ἀγάπην,
521 909 777 964 ἐποιήσαμεν
805 908 876 950 καί
904 908 1023 964 ἡμεῖς
1053 908 1127 962 τήν
1155 906 1319 961 α’γὰπην
1336 908 1432 959 μεθ’
1463 903 1602 959 ὑμῶν·
1662 905 1755 947 ἀλλ’

313 979 407 1018 ἐπεὶ
433 972 482 1016 οὗ
509 981 667 1030 τηρεῖτε
695 973 802 1017 κατὰ
830 975 904 1023 τὰς
932 971 1165 1027 α’ναμεταξῦ
1210 969 1327 1026 ἡμῶν
1355 972 1426 1013 καί
1448 971 1569 1024 ὑμῶν
1595 968 1754 1024 συνθή-

312 1058 404 1091 κας,
434 1040 506 1083 καί
540 1040 660 1094 ἡμεῖς
695 1037 968 1094 ἅθετήσωμεν
1006 1041 1144 1080 πᾶσαν
1182 1038 1254 1091 τήν
1296 1037 1613 1092 εἰρηνοποίησιν.
1681 1038 1756 1078 καὶ

292 1105 508 1164 ’ἔφθασαν
532 1105 571 1148 οἱ
602 1108 811 1161 πρέσβεις,
845 1105 966 1159 ἡνίκα
984 1105 1262 1158 ἐπολιορκεῖτο
1296 1102 1321 1157 ἦ
1352 1100 1480 1154 πόλις,
1506 1103 1550 1144 ἐν
1576 1095 1605 1156 ᾖ
1635 1098 1754 1154 ἑβδο-

310 1174 417 1225 μάὸι
445 1171 617 1226 ὲζιιελλον
644 1170 720 1225 τήν
748 1169 930 1224 ἐμβολήν
958 1171 1102 1212 δαῖσαι.
1159 1166 1179 1210 ὃ
1210 1170 1254 1210 δὲ
1288 1168 1456 1223 ἆμηρᾶς
1481 1169 1552 1209 καί
1582 1169 1697 1209 πᾶσα
1725 1166 1753 1220 ἧ
1771 1185 1784 1209 ι

310 1236 442 1292 βουλή
491 1238 621 1278 αὐτοῦ
657 1234 871 1290 ἐχρόνιζον
914 1232 1072 1284 αὐτούς
1097 1234 1232 1288 λόγοις
1271 1237 1487 1282 κολακείας
1520 1233 1755 1286 προσδοκᾶν

311 1305 388 1358 τήν
429 1300 651 1357 ἀπόκρισιν
687 1301 866 1356 σήμερον
895 1296 922 1355 ἢ
951 1295 1111 1356 αὔριον.
1181 1302 1253 1342 καί
1291 1301 1411 1341 τοῦτο
1451 1298 1619 1341 ἐποίουν
1646 1295 1754 1350 μετὰ

313 1371 452 1423 δόλου,
480 1364 584 1424 ἄχρι
607 1366 726 1410 ἴδωσι
758 1366 811 1409 τά
838 1368 1041 1420 μέλλοντα
1069 1366 1293 1420 συμβῆναι,
1314 1362 1375 1406 ὅτι
1395 1366 1434 1407 εἰ
1458 1365 1535 1417 μὲν
1562 1362 1755 1417 παραλά-

312 1439 425 1489 βοιεν
454 1433 531 1489 τὴν
560 1431 705 1486 πόλιν,
743 1431 916 1474 εἴπωσιν
956 1430 1062 1487 πρὸς
1094 1430 1249 1479 αὐτοὺς
1283 1429 1411 1472 “ldoz)
1441 1428 1519 1485 γὰρ
1553 1426 1755 1481 ἐλάβομεν

314 1499 471 1555 αὐτήν·
527 1499 648 1552 ὑμεῖς
676 1501 721 1542 δὲ
751 1501 975 1551 ἀπέλθετε,
1015 1496 1087 1539 καί
1113 1496 1171 1546 ὥς
1199 1493 1252 1538 (ἲν
1283 1497 1378 1551 δόξῃ
1410 1495 1511 1549 ὑμῖν
1539 1492 1790 1548 ποιήσατε,α

312 1563 342 1620 ἦ
371 1565 539 1621 εἰρήνην
567 1563 680 1618 ἔχειν
703 1566 800 1618 μεθ’
829 1564 949 1619 ἡμῶν
980 1558 1007 1617 ἢ
1035 1559 1236 1617 μα’χην·”
1267 1560 1291 1602 ὃ
1323 1561 1370 1616 δή
1402 1560 1473 1602 καί
1500 1562 1657 1614 ἐγένετο
1685 1561 1758 1600 καί

313 1637 399 1681 τοῖς
425 1634 648 1686 πρέσβεσιν
676 1633 843 1686 ἐρρέθη.
876 1633 915 1673 εἰ
942 1631 988 1672 δὲ
1020 1626 1096 1670 οὖκ
1114 1626 1458 1682 ε’παρελάμβανον
1486 1625 1628 1679 αὐτήν,
1658 1619 1756 1679 ἤθε-

314 1701 385 1739 λον
411 1699 541 1739 εἰπεῖν
569 1694 632 1739 ὅτι
661 1696 797 1738 ἕνεκεν
824 1699 895 1750 τῆς
929 1693 1164 1748 ἀναμεταξὺ
1193 1693 1311 1749 ἡμῶν
1343 1694 1415 1734 καί
1441 1692 1560 1744 ὑμῶν
1592 1689 1756 1744 εἰρήνης

315 1763 337 1805 ὅ
364 1763 543 1817 πόλεμος
575 1761 760 1815 ἔπαυσε,
799 1760 1003 1817 καίχκατοὶ
1037 1759 1110 1809 τας
1139 1761 1388 1815 συμφωνίας
1416 1754 1753 1812 ἀνεχωρήσαμεν.

677 1893 691 1905 Ί

317 1926 508 1967 summitti,
532 1935 636 1959 nemo
673 1924 869 1969 quidquam
888 1923 973 1957 inde
1006 1922 1182 1956 commodi
1207 1921 1366 1967 percepit
1390 1931 1456 1953 nec
1479 1919 1571 1953 vidit
1594 1918 1654 1953 vel
1677 1923 1752 1951 ter-

317 1974 471 2006 uncium.
520 1973 592 2006 imo
621 1972 797 2004 miserunt
827 1982 991 2015 magnam
1009 1971 1183 2016 pecuniae
1211 1975 1248 2002 et
1270 1969 1424 2000 militum
1447 1967 1586 2011 copiam
1614 1976 1753 1998 amerae

317 2020 442 2053 urbem
473 2019 717 2064 oppugnanti,
743 2024 850 2063 atque
885 2018 1051 2051 laudibus
1080 2028 1140 2050 eos
1165 2015 1362 2049 efferebant
1388 2016 1536 2054 Turcae,
1561 2014 1752 2052 iactantes,

318 2069 426 2100 etiam
466 2067 605 2100 Servios
636 2065 742 2098 nobis
775 2065 963 2098 adversari.
1026 2065 1105 2110 quis
1140 2063 1418 2096 Christianorum
1449 2060 1649 2105 principum
1688 2063 1752 2092 aut

315 2116 498 2147 Iberorum
534 2114 592 2146 vei
626 2113 824 2146 teruncium
849 2117 910 2144 aut
942 2111 1104 2144 homines
1136 2110 1181 2143 ad
1208 2109 1304 2142 urbis
1329 2108 1501 2140 auxilium
1529 2108 1603 2139 sive
1628 2110 1751 2150 aperte

315 2162 391 2194 sive
418 2160 556 2194 occulte
579 2159 703 2192 misit?
732 2159 889 2202 Hungari
914 2164 1032 2191 tamen
1060 2159 1194 2201 legatos
1224 2156 1270 2189 ad
1296 2166 1449 2188 ameram
1473 2154 1658 2193 miserunt,
1687 2152 1750 2198 qui

314 2210 535 2249 nuntiarent,
560 2218 598 2240 se
622 2208 689 2246 sic,
727 2212 767 2238 ut
795 2206 851 2238 illi
878 2217 955 2238 cum
985 2206 1198 2250 imperatore
1224 2213 1347 2248 pacem
1375 2207 1412 2234 et
1435 2201 1624 2233 amicitiam
1651 2199 1750 2232 cole-

315 2261 412 2296 rent,
439 2267 516 2288 cum
540 2254 626 2299 ipsis
649 2264 772 2299 pacem
801 2252 947 2285 fecisse:
980 2263 1076 2285 nunc
1113 2262 1221 2296 quum
1248 2249 1302 2281 illi
1325 2260 1399 2281 non
1422 2252 1605 2280 servarent
1626 2251 1749 2279 mutua

314 2308 430 2347 pacta,
460 2313 498 2335 se
523 2312 668 2347 quoque
700 2311 820 2345 pacem
846 2300 974 2332 factam
998 2300 1142 2332 omnino
1180 2296 1392 2341 improbare.
1451 2294 1672 2327 advenerunt
1695 2293 1750 2325 le-

314 2350 404 2393 gati,
444 2361 552 2395 quum
589 2348 673 2380 urbs
701 2346 947 2386 obsideretur,
979 2357 1049 2391 qua
1074 2343 1299 2377 hebdomade
1323 2342 1593 2386 impressionem
1621 2339 1749 2372 facturi

315 2402 425 2429 erant.
475 2406 611 2428 :imeras
633 2400 669 2428 et
691 2399 805 2427 totum
831 2393 1020 2426 concilium
1049 2393 1123 2425 eius
1147 2390 1290 2424 blandis
1314 2388 1535 2422 sermonibus
1561 2398 1622 2419 eos
1646 2385 1751 2418 diffe-

314 2443 453 2484 rebant,
477 2449 518 2476 ut
542 2443 579 2475 in
607 2447 829 2487 praesentem
852 2445 914 2473 aut
932 2440 1123 2472 crastinum
1145 2439 1239 2471 diem
1260 2447 1466 2480 responsum
1491 2437 1748 2479 exspectarent.

314 2490 446 2522 callide
471 2490 522 2522 ita
549 2489 713 2532 agebant,
738 2487 852 2521 donec
879 2485 1060 2526 viderent,
1085 2497 1157 2530 quo
1187 2496 1240 2517 res
1266 2493 1411 2515 evasura
1435 2487 1538 2521 esset,
1567 2481 1598 2513 si
1625 2479 1749 2512 urbem

314 2538 502 2580 cepissent,
530 2535 678 2575 dicturi,
715 2546 752 2568 se
785 2546 862 2567 eam
887 2544 1129 2578 expugnasse:
1167 2532 1222 2563 illi
1261 2531 1422 2570 abirent,
1458 2534 1495 2561 et
1522 2532 1639 2560 utrum
1663 2525 1749 2570 ipsis

311 2583 511 2624 videretur,
538 2583 708 2622 facerent,
735 2582 808 2615 sive
833 2592 955 2626 pacem
979 2581 1051 2613 sive
1076 2579 1211 2611 bellum
1239 2577 1406 2610 mallent:
1431 2575 1469 2608 id
1494 2573 1592 2619 quod
1617 2573 1749 2605 factum

314 2635 351 2662 et
378 2630 502 2673 legatis
525 2640 731 2674 responsum
758 2634 822 2661 est.
884 2628 914 2660 si
947 2638 1023 2659 earn
1048 2637 1120 2658 non
1145 2625 1283 2670 capturi
1319 2628 1446 2662 essent,
1473 2621 1590 2654 dicere
1613 2624 1750 2653 statue-

314 2681 402 2715 rant,
429 2676 475 2710 ob
502 2687 624 2722 pacem
650 2677 818 2709 cumillis
842 2673 1049 2707 servandam
1067 2684 1103 2706 se
1131 2671 1310 2705 destitisse
1335 2682 1355 2703 a
1371 2669 1468 2702 bello
1495 2673 1532 2701 et.
1554 2665 1747 2700 secundum

313 2729 484 2757 conventa
511 2722 721 2758 discessisse.
772 2733 890 2756 rumor
919 2727 1038 2756 tamen
1074 2724 1160 2762 erat,
1187 2730 1338 2752 ameram
1366 2716 1520 2761 cogitare
1545 2725 1585 2748 ac
1609 2712 1742 2752 dicere,
