1806 3190
584 183 685 222 mn.
727 176 960 225 111.-CAP.
1003 184 1054 229 ιι,
1413 176 1524 247 219

26 325 32 326 ς
83 277 372 332 λαμβάνουσαι
400 282 729 335 παλινδρομοῦσι
765 279 904 322 οἴκαδε
931 282 1088 323 πᾶσαι·
1132 280 1188 337 τῷ
1219 282 1266 323 δὲ
1293 276 1427 336 καιρῷἵ
1451 285 1527 336 τῆς

84 346 354 398 οἶποκυήσεως
392 345 444 387 τὰ
481 349 559 398 μὲν
605 342 761 401 Ιιῗῖρρενα
801 347 1042 401 φθείρουσι,
1080 346 1131 389 τὰ
1162 349 1208 388 δὲ
1236 348 1346 402 θῆλυ
1378 349 1528 400 ζωογο-

23 427 25 430 ·
82 412 203 452 vniat
234 411 307 451 κατ’
332 414 576 465 τιθηνοῦσιν
603 414 806 464 ἐπιμελῶς
852 413 925 454 καί
953 414 1242 470 ἐκτρέφουσιν.
1299 409 1429 460 οὕτως
1456 414 1530 454 καί

17 475 33 489 ”
81 473 134 518 τὰ
161 476 362 528 ἐνταῦθα,
397 477 454 525 (ὃς
481 473 597 519 εἶπόν
628 491 710 530 σοι,
741 475 924 531 ὑπάρχει
954 477 980 532 ἡ
1010 478 1194 532 ἡμετέρα
1222 476 1439 532 συνήθεια,
1470 476 1528 526 ὥς

46 539 224 590 ὅκαθώς
267 542 338 583 καὶ
379 541 509 591 αὐτὸς
533 545 699 596 μέλλεις
728 546 883 595 μαθεῖν
919 543 1031 598 παρὰ
1063 543 1316 595 α’ξιοπίστων
1342 545 1524 597 ἀνδρῶν.

82 606 153 648 καί
194 604 253 660 μὴ
292 607 511 660 θαύμαζε,
542 608 769 662 τιμιώτατε
809 603 907 663 ἄνερ
940 607 1018 664 κύρ
1048 610 1245 663 Γεωργιε.
1302 608 1373 651 διὰ
1402 609 1526 651 τοῦτο

81 674 279 724 ποιοῦμεν
302 670 347 714 τὸ
372 673 507 728 παρὸν
526 673 784 716 συνοικέσιον
808 678 897 726 μετ’
926 677 1072 726 αἰδοῦς
1101 675 1175 716 καί
1203 678 1278 716 οὐκ
1307 673 1527 728 ἄσυμβού·

82 742 164 787 λως
190 741 299 791 ταῖν,
344 742 417 781 καί
452 739 690 793 ὖπὸσχομαι
729 742 878 782 δοῦναι
907 743 955 797 τῇ
993 742 1180 796 θυγατρί
1200 758 1282 793 μου
1316 737 1416 783 ἄνευ
1442 743 1526 784 τῶν

79 806 316 857 πολυτίμων
355 807 515 847 σκευῶν
543 806 747 860 ἀργυρίου
788 808 862 848 καί
885 811 1068 861 χρυσίου
1098 808 1172 849 κατ’
1192 809 1322 849 λίθων
1353 809 1524 850 πολυτί.

45 888 70 914 ο
81 885 172 920 μων
199 873 273 911 καί
296 873 509 923 μανακίων
537 871 839 926 διαμαργάρων
868 874 940 914 καί
962 876 1143 927 χρυσίου
1172 876 1246 915 καί
1275 870 1430 926 ἑτέρων
1461 876 1524 915 λί-

20 943 28 958 ‘
81 937 194 988 θων,
237 939 370 991 χωρίς
407 939 491 979 ταῖν
528 937 771 990 ἐνδυμάτων
811 938 883 980 καί
920 938 1186 995 ὑφασμάτων
1210 941 1441 982 πολυειδῶν
1465 942 1526 989 εἰς

79 999 312 1056 ὑπηρεσίαν
347 1004 500 1057 αὐτῆς,
542 1005 616 1044 καί
642 1003 769 1059 πάρεξ
803 1003 957 1047 τούτων
977 1007 1122 1060 χρυσᾶ
1151 1004 1304 1057 νούμια
1327 1006 1527 1060 χιλιάδας

79 1065 327 1122 πεντήκοντα
359 1068 429 1109 καί
456 1071 513 1120 ἕξ.
572 1069 633 1111 ἔτι
654 1072 699 1112 δὲ
730 1074 800 1112 καί
826 1075 917 1112 κατ’
937 1070 1026 1120 ἔτος
1055 1072 1129 1129 ἔχῃ
1159 1069 1306 1126 ἑτέρας
1329 1070 1527 1125 χιλιάδας

78 1133 189 1185 τρεῖς
219 1136 294 1174 τοῦ
331 1140 464 1175 ποιεῖν
509 1134 792 1189 ἐλεημοσύνας
839 1138 898 1186 εἰς
928 1136 1131 1191 πτωχούς,
1176 1138 1248 1179 καί
1277 1135 1382 1178 ὅπου
1410 1139 1446 1179 δ’
1475 1133 1528 1179 ἂν

45 1197 174 1254 5δὸξῃ
205 1200 326 1254 αὐτῇ.
400 1202 447 1241 σὲ
477 1202 521 1242 δὲ
552 1201 691 1242 ἀκούω
729 1202 842 1256 ἔχειν
871 1205 1021 1244 παιδία
1063 1203 1154 1245 δύο.
1213 1202 1260 1245 τὸ
1294 1206 1372 1257 μὲν
1399 1198 1527 1258 ἄρρεν

78 1280 98 1306 ο
129 1264 329 1317 βασιλευς
365 1265 605 1321 ἆνεγέννησε
641 1267 710 1309 διὰ
753 1272 829 1310 τοῦ
861 1271 980 1310 θείου
1009 1272 1311 1323 βαπτίσματος,
1346 1271 1418 1311 καί
1449 1269 1525 1311 αὐ-

77 1331 149 1372 τοῦ
175 1331 305 1371 ἐκεῖνο
335 1330 425 1373 ἔστι
454 1334 527 1373 κατ’
553 1331 666 1374 ἔσται
685 1350 696 1360 ·
754 1334 802 1375 τὸ
832 1336 877 1376 δὲ
903 1338 1014 1389 θῆλυ
1036 1333 1139 1377 ἔστω
1170 1337 1214 1377 ἐκ
1243 1338 1317 1390 τῆς
1344 1335 1526 1389 σήμερον

77 1397 131 1452 τῇ
158 1398 346 1451 θυγατρί
365 1413 462 1450 μου,
494 1396 522 1452 ἢ
551 1401 622 1440 καί
639 1399 843 1455 ὀφειλέτω
864 1403 939 1442 τοῦ
957 1401 1246 1455 ὗπανδρεῦσαι
1274 1401 1393 1453 αὐτό,
1420 1398 1562 1442 δ’πουΒ

79 1463 117 1503 δ’
141 1458 192 1503 ἂν
217 1461 270 1504 σύ
302 1464 443 1519 κρίνῃς
469 1460 574 1506 εἶναι
608 1460 724 1516 ἄξιον
751 1465 889 1508 τόπον.
955 1468 1028 1508 καί
1055 1463 1157 1509 ὅταν
1180 1466 1307 1524 ἔλθῃς
1333 1466 1412 1509 σὺν
1441 1469 1528 1524 θεῷ

44 1523 180 1582 οᾶραι
207 1527 352 1583 av’tq'v,
382 1528 472 1570 τότε
502 1529 695 1572 ἐπιδώσω
725 1547 793 1573 σοι
823 1534 975 1587 φορτία
1004 1536 1178 1587 σηρικοῦ
1207 1536 1408 1586 τέτταρα·
1437 1531 1528 1575 ἔστι

78 1592 157 1650 γάρ
191 1594 215 1649 ἡ
246 1596 408 1647 μέταξα
434 1595 568 1650 ἐκείνη
597 1594 671 1638 οὖκ
700 1599 893 1653 ἐξίτηλος,
927 1601 999 1641 καί
1025 1597 1082 1647 ὥς
1111 1597 1363 1652 ἠκούσαμεν,
1391 1597 1526 1655 πράτ-

77 1675 193 1703 τεται
221 1660 269 1703 τὸ
301 1662 471 1717 φορτίον
500 1661 569 1704 διὰ
596 1665 772 1718 χρυσῶν
800 1667 984 1717 νουμίων
1013 1666 1336 1707 πεντακοσιῖον.”

174 1789 206 1822 7.
235 1779 299 1812 καὶ
333 1778 575 1826 ιέσυμβοὺλως
607 1778 681 1816 τῶν
713 1780 775 1824 τῆς
802 1781 932 1827 βουλῆς
954 1795 1029 1828 μου
1056 1783 1081 1816 Ρ
1226 1793 1277 1817 ιο.
1306 1783 1527 1830 μαντικίδων

173 1822 411 1871 ἆμαργιὶρων
435 1829 497 1860 καὶ
517 1830 688 1874 χρυσίων
705 1829 743 1861 Μ
857 1831 908 1865 16.
937 1829 1027 1866 αὐτὸ
1066 1831 1207 1867 ἐκείνου
1239 1832 1318 1866 ἐστὶ
1343 1833 1407 1865 καὶ
1432 1832 1525 1866 ἔστω

171 1875 236 1906 καὶ
258 1873 359 1907 ἔσται
384 1873 422 1906 Μ
563 1885 618 1909 21.
650 1873 715 1909 οὐκ
741 1887 796 1908 om
821 1875 845 1908 P

81 1961 213 1995 fetibus
240 1969 388 1997 cunctae
413 1963 555 1997 domum
582 1976 619 1999 se
643 1966 884 2011 recipiebant3
925 1967 1058 2001 deinde
1083 1980 1194 2014 quum
1219 1974 1360 2014 partum
1388 1969 1523 2003 edidis-

78 2015 170 2050 sent,
194 2021 308 2044 mares
339 2011 529 2054 necabant,
554 2013 702 2046 feminas
720 2014 989 2056 conservabant,
1014 2015 1207 2060 diligenter
1227 2016 1410 2050 lactabant
1435 2014 1525 2049 edu·

81 2056 293 2102 cabantque.
334 2059 383 2091 sic
422 2060 528 2091 etiam
554 2060 658 2093 nobis
684 2060 762 2102 hic,
788 2068 827 2095 ut
851 2062 918 2095 tibi
943 2062 1029 2104 dixi,
1062 2069 1184 2096 nostra
1210 2069 1263 2097 est
1288 2063 1524 2105 consuetudo,

78 2101 115 2135 id
143 2104 240 2148 quod
267 2116 286 2137 a
311 2106 395 2139 viris
423 2106 493 2140 fide
519 2108 636 2151 dignis
668 2109 802 2152 poteris
830 2120 1054 2154 cognoscere.
1090 2122 1213 2143 verum
1236 2122 1282 2144 ne
1309 2112 1445 2151 mirare,
1471 2111 1525 2143 vir

77 2149 352 2185 honoratissime
379 2152 531 2197 Georgi:
558 2166 724 2199 praesens
749 2156 874 2190 horum
903 2157 1121 2191 connubium
1149 2163 1352 2191 reverenter
1378 2169 1444 2191 nec
1466 2159 1526 2202 in‘.

78 2198 243 2231 consulto
269 2199 511 2241 instituimus,
536 2202 783 2248 polliceorque
799 2228 807 2243 ‚
836 2211 978 2248 praeter
999 2206 1193 2250 pretiosam
1220 2206 1358 2249 argenti
1389 2210 1425 2238 et
1447 2205 1524 2238 auri

76 2245 377 2289 suppellectilem,
401 2254 542 2292 praeter
566 2259 717 2292 gemmas
744 2256 780 2283 et
805 2252 951 2284 monilia
978 2253 1187 2296 margaritis,
1213 2263 1298 2284 auro
1320 2258 1357 2285 et
1382 2252 1519 2296 lapillis

76 2293 294 2336 composita,
320 2300 461 2338 praeter
484 2301 617 2341 vestes*
638 2302 674 2329 et
699 2299 836 2331 textilia
862 2300 948 2331 varii
974 2300 1112 2343 generis
1132 2325 1142 2341 ,
1167 2300 1280 2344 ipsius
1311 2299 1390 2331 usui
1411 2299 1523 2331 desti-

75 2343 172 2379 nata,
197 2345 340 2384 praeter
363 2339 451 2374 haec
469 2342 576 2386 igitur
599 2343 762 2376 daturum
789 2357 843 2378 me
868 2357 943 2379 esse
961 2358 1107 2379 numum
1126 2358 1311 2379 aureorum
1339 2346 1521 2391 quinqua·
1556 2344 1564 2353 ⁵

75 2385 175 2428 ginta
201 2397 263 2419 sex
288 2388 399 2420 milia.
427 2387 471 2421 ad
494 2389 582 2423 haec
608 2391 645 2423 in
671 2402 783 2424 annos
809 2393 967 2436 singulos
983 2394 1134 2438 accipiet
1156 2394 1226 2426 alia
1242 2404 1429 2425 aureorum
1455 2393 1522 2426 tria

75 2432 185 2472 milia,
211 2445 302 2479 quae
326 2434 364 2467 in
391 2436 499 2480 stipes
528 2448 723 2482 pauperum
764 2445 824 2472 aut
854 2440 1094 2486 quodcunque
1123 2441 1192 2485 ipsi
1216 2439 1408 2481 videbitur,
1450 2441 1519 2472 im-

75 2477 221 2524 pendat.
247 2485 284 2514 te
308 2487 426 2514 autem
456 2482 546 2516 duos
572 2484 703 2517 hahere
730 2485 861 2520 liberos
887 2487 1017 2527 audio,
1047 2499 1198 2533 quorum
1225 2487 1420 2520 masculum
1448 2488 1518 2520 iiu-

75 2531 364 2570 peratoresacro
380 2529 478 2563 fonte
501 2532 678 2575 suscepit:
707 2532 736 2564 is
763 2534 976 2577 igiturillius
1001 2540 1054 2567 est
1077 2535 1238 2579 eritque3
1265 2540 1302 2567 at
1324 2534 1446 2579 puella
1473 2533 1519 2566 ab

75 2571 254 2606 hodierno
281 2575 339 2608 die
377 2581 452 2608 esto
485 2577 580 2611 filiae
605 2589 718 2618 meae,
744 2582 846 2614 cuius
872 2583 939 2615 erit
967 2593 1042 2614 eam
1069 2581 1256 2620 collocare,
1283 2582 1321 2614 in
1345 2592 1451 2626 quein
1479 2587 1517 2614 tu

76 2618 192 2652 locum
218 2619 305 2654 boni
341 2623 575 2657 consulueris.
612 2631 686 2658 tum
714 2633 844 2669 antem,
879 2640 987 2674 quum
1018 2639 1094 2661 eam
1120 2633 1302 2673 receptum
1328 2628 1461 2668 venies,
1487 2627 1517 2661 si

77 2664 144 2698 (leo
173 2667 221 2700 ita
243 2669 432 2712 placuerit,
456 2670 599 2705 donabo
624 2672 689 2706 tibi
720 2675 864 2721 insuper
889 2686 998 2709 onera
1025 2675 1129 2708 serici
1155 2681 1319 2720 quatuor.
1346 2681 1399 2708 est
1423 2676 1517 2708 enim

77 2723 149 2745 non
173 2713 326 2757 vulgaris
353 2717 414 2748 illa
439 2723 575 2751 metaxa
592 2744 601 2760 ,
639 2719 803 2769 solvique
842 2734 906 2768 pro
935 2722 1083 2766 singulis
1108 2722 1278 2757 oneribus
1302 2733 1429 2757 numos
1453 2733 1516 2756 au-

79 2770 155 2793 reos
177 2761 391 2808 quingentos
416 2764 570 2810 accepi-¹*
