1806 3190
631 137 726 175 ms.
769 138 800 175 ι.
841 135 957 176 GAP.
985 138 1018 174 1.
1513 133 1550 187 9

119 238 187 279 ἐπὶ
218 237 263 278 τὸ
291 234 447 289 στῆθός
471 240 552 288 μου
581 236 820 285 θέλξωμαι·
892 233 964 275 καὶ
989 235 1140 283 ἐλπίζω
1170 236 1230 281 εἰς
1257 233 1326 274 τὸν
1350 234 1450 274 θεὸν
1478 232 1550 274 τὸν

117 302 388 356 λυτρώσαντα
426 299 522 349 τούς
563 305 675 353 τρεῖς
705 301 859 348 παῖδας
889 303 934 341 ἐκ
960 302 1033 354 τῆς
1060 299 1214 355 φλογὸς
1241 300 1315 354 τῆς
1340 301 1518 351 καμίνου
1538 315 1550 326 ·

117 370 190 409 καί
214 366 237 408 ὄ
265 367 502 416 ἅλάθαστος
530 367 604 407 καί
627 362 648 406 ὃ
679 361 900 420 οἶκοίιιητος
931 367 1082 416 ἐκεῖνος
1110 365 1352 421 ὀφθαλμός,
1380 365 1400 406 ὅ
1431 366 1551 418 ἐρευ-

117 436 198 475 ναῖν
225 432 399 487 καρδίας
435 435 506 474 καί
532 428 735 486 νεφρούς,
769 429 891 480 εἰδώς
923 428 986 473 ὅτι
1025 427 1121 473 οἷίτε
1162 428 1427 486 ἐνεθυμήθην
1455 426 1552 472 οὔτε

71 498 365 553 ,5ἐλογισάμην
409 497 508 552 περὶ
555 491 613 538 ὧν
654 513 708 548 με
749 497 934 553 ἐρωτᾷς,
984 497 1161 551 φυλάξει
1208 513 1288 551 με,
1333 497 1374 538 εἰ
1411 497 1551 550 τύχοι,

117 563 284 618 ἀβλαβῆ
312 566 357 605 ἐκ
383 565 458 605 τοῦ
482 561 615 616 πυρὸς
642 565 721 603 τοῦ
747 563 1006 613 καιομένου.”
1059 563 1168 615 λέγει
1196 563 1242 605 δὲ
1269 562 1383 620 αὐτῷ
1412 562 1433 602 ὄ
1463 564 1552 604 ἐπί-

116 644 267 679 σκοπος
288 628 410 678 “τοι”ς
429 628 651 681 Ῥωμαίοις
677 627 751 669 καί
773 633 856 677 τοῖς
882 633 1030 684 σοφοῖς
1053 625 1244 683 Ἕλλησιν
1270 630 1346 669 οὐκ
1368 626 1458 670 ἔστι
1485 625 1552 669 νό-

115 710 193 745 μος
219 695 318 736 οὐδὲ
344 693 440 743 ἔθος
467 696 535 736 ἵνα
567 693 826 747 βασανίζωσι
853 693 950 742 τούς
974 695 1304 746 ἐξεταζομένους,
1332 693 1404 735 καί
1427 692 1554 746 μάλι-

117 776 193 802 στα
236 758 334 810 τούς
378 762 584 814 εὐγενεῖς,
630 759 857 808 ὡσαύτως·
927 758 1029 801 α’λλά
1075 758 1334 813 βαρβαρικόν
1376 762 1462 802 ἑστι
1505 758 1550 801 τὸ

0 839 7 864 ¹
44 844 105 869 «ιο
118 828 288 880 πρᾶγμα
327 824 400 867 καί
427 822 610 878 ἄτοπον,
650 827 722 867 καί
758 825 922 875 ἐθνικὸς
959 823 1170 876 ὃνόμος.”
1227 827 1336 878 λέγει
1365 826 1411 866 δὲ
1441 825 1554 882 αὐτῷ

117 890 140 933 ὃ
165 892 385 947 Κομνηνός
404 888 550 944 “s’net',
589 889 680 945 ἅγιε
708 893 914 944 δέσποτα,
945 891 1020 932 οὐκ
1047 889 1156 933 ἔστιν
1180 888 1277 939 ἔθος
1309 885 1400 932 οὔτε
1429 888 1554 943 νόμος

110 956 328 1010 Ῥωμαίοις
356 954 386 998 δὲ
429 952 546 998 εἶπόν
569 973 663 1010 σοι,
704 955 847 1005 καθώς
882 959 1035 1011 λέγεις,
1081 955 1189 998 ἀλλὰ
1217 958 1299 998 τῶν
1325 957 1554 1009 βαρβάρων

115 1022 186 1064 καί
212 1025 295 1064 τῶν
323 1024 476 1075 ἐθνῶν,
515 1022 627 1077 κοίγώ
653 1025 704 1079 τῇ
729 1020 874 1076 χάριτι
911 1024 985 1064 τοῦ
1014 1023 1205 1075 Χριστοῦ
1231 1020 1427 1071 ταπεινὸς
1450 1019 1556 1064 Ῥω-

113 1093 237 1140 μαῖος
267 1089 376 1141 εἰμι’,
406 1087 477 1130 καί
503 1089 747 1143 α’νακρίνατέ
780 1103 832 1140 με
860 1089 932 1130 καί
958 1085 1175 1139 ἑξετάσατὲ
1199 1103 1277 1141 με,
1314 1089 1353 1130 εἰ
1380 1089 1427 1145 τῇ
1454 1088 1555 1140 ὑμε-

54 1158 100 1197 15
114 1155 211 1210 τέρᾳ
251 1155 380 1209 βουλῇ
423 1153 599 1207 ἀρεστόν
639 1156 755 1206 ἐστι,
791 1152 898 1195 κατὰ
930 1152 1082 1206 νόμους
1114 1153 1334 1206 Ῥωμαίων
1364 1154 1436 1195 καί
1463 1152 1552 1208 ἔθη.

113 1217 186 1260 καὶ
211 1220 250 1261 εἰ
272 1221 350 1272 μὲν
376 1222 559 1272 νομίμως
583 1219 714 1268 αἴτιος
739 1219 903 1274 εὑρεθῶ
941 1222 1190 1274 καταδίκης,
1218 1218 1331 1268 ἔλεος
1361 1218 1417 1274 μὴ
1449 1217 1586 1273 ἔστωί,

112 1301 208 1337 μοι·
285 1287 325 1326 εἰ
361 1287 406 1327 δὲ
449 1283 521 1326 καί
548 1285 733 1333 α’ναίτιος
773 1284 881 1327 κατὰ
913 1284 1008 1335 τοὺς
1037 1285 1190 1338 νόμους
1221 1286 1367 1338 πάλιν,
1395 1284 1452 1339 μή
1480 1302 1553 1338 μοι

112 1348 161 1391 τὸ
192 1349 419 1405 κριτήριον,
457 1350 528 1392 καί
557 1349 615 1404 μὴ
650 1348 730 1404 ὅρα
767 1351 861 1400 τοὺς
889 1349 1038 1404 λόγους
1072 1355 1153 1393 τῶν
1183 1351 1552 1407 συκοφαντούντων

113 1431 165 1468 με
193 1416 346 1466 α’ὃίκως
377 1417 448 1458 καί
474 1415 719 1471 παραλόγως
747 1417 880 1458 ἕνεκεν
899 1415 1059 1473 φθόνου
1089 1416 1162 1459 καί
1187 1415 1364 1472 ἔριδος-Ρ
1429 1417 1552 1458 ἀκού-

51 1499 103 1526 20
116 1497 193 1532 σας
220 1478 267 1524 δὲ
294 1483 426 1525 ταῦτα
455 1481 479 1524 ὁ
508 1483 726 1532 ἐπίσκοπος
757 1483 984 1539 α’ναφέρειν
1020 1481 1120 1532 τούς
1148 1482 1292 1537 λόγους
1315 1482 1470 1532 πάντας
1498 1485 1557 1542 τῷ

215 1624 241 1645 ι.
265 1613 438 1659 θέλξομαι
454 1612 492 1645 Μ
608 1613 660 1652 εἰς
684 1608 775 1647 θεὸν
798 1606 864 1647 τὸν
894 1611 1181 1659 λυτρωσάμενον
1205 1611 1243 1644 Μ
1337 1621 1370 1644 2.
1395 1613 1555 1658 καμίνου

204 1658 266 1702 τῆς
287 1653 427 1706 φλογὸς
450 1659 488 1692 Μ
603 1661 636 1693 3.
662 1658 869 1702 ‹ilci-‘hymel’
976 1659 1008 1702 4.
1035 1657 1092 1694 ὅτι
1117 1670 1174 1692 om
1200 1658 1238 1691 Μ
1355 1659 1387 1692 5.
1412 1660 1555 1704 ἐπερω-

207 1705 272 1752 τᾷς
295 1706 332 1739 Μ
447 1706 531 1754 τύχῃ
553 1706 592 1739 Μ
707 1721 740 1751 9.
767 1708 817 1746 ὥς
843 1704 951 1745 αὐτός
973 1706 1011 1739 Μ
1145 1717 1194 1738 ιι.
1223 1704 1384 1740 δέσποτα
1410 1704 1492 1752 ἅγιε
1516 1706 1554 1738 Μ

211 1764 262 1786 12.
286 1765 342 1788 τοι
365 1754 402 1787 Μ
533 1755 678 1798 εἴρηκας
700 1754 739 1787 Μ
871 1754 920 1786 13.
955 1757 1037 1798 post
1062 1751 1185 1790 ἐθνῶν
1212 1752 1236 1785 P
1260 1754 1351 1798 λέγω
1378 1752 1417 1786 δὲ
1440 1752 1554 1791 οὕτως

204 1799 313 1835 εἶναι.
413 1800 463 1843 14.
490 1798 706 1844 ἀνακρίνετε
730 1800 768 1833 Μ
860 1800 1044 1840 ἐξετάσετε
1069 1800 1107 1832 Μ
1205 1799 1253 1832 15.
1274 1795 1498 1846 Ῥωμαϊκοὺς
1516 1800 1554 1832 Μ

212 1849 261 1881 ιδ.
286 1849 348 1881 καὶ
372 1846 422 1893 μὴ
451 1845 534 1895 ὅρα]
556 1847 664 1894 χώρα
689 1848 727 1882 Μ
820 1857 875 1880 20.
904 1846 924 1882 ὃ
953 1849 1214 1885 ἐπίσκοπος-
1237 1846 1393 1894 πάντας]
1421 1847 1510 1890 δῆλα
1530 1847 1554 1880 Ρ

115 1948 255 1982 stetur?
291 1955 532 1983 verumtamen
562 1951 708 1984 obsecro
745 1956 800 1992 te,
838 1952 886 1984 mi
915 1950 1082 1992 domine,
1105 1949 1196 1983 hanc
1222 1949 1309 1982 mihi
1333 1949 1553 1983 benevolen-

114 1998 196 2029 tiam
222 2002 388 2040 praesta,
413 2003 452 2030 nt
476 1998 605 2031 ferrum
629 1999 667 2031 in
685 1999 814 2031 camini
838 1998 994 2031 flammas
1016 1997 1215 2030 coniectum
1241 2003 1277 2030 et
1301 1996 1394 2030 bene
1421 1998 1552 2030 cande-

114 2043 246 2076 factum
271 2043 359 2076 mihi
385 2050 610 2088 apportetur:
635 2046 800 2078 manibus
826 2044 918 2078 illud
937 2044 1112 2078 tractabo
1137 2055 1339 2089 prunasque
1368 2045 1406 2077 in
1436 2045 1551 2078 sinum

114 2090 320 2131 immittam,
349 2090 416 2124 deo
436 2093 610 2133 confisus,
646 2093 708 2137 qui
733 2098 803 2125 tres
826 2103 955 2137 pueros
982 2093 1020 2126 in
1045 2091 1191 2125 ardente
1217 2092 1362 2125 fornace
1388 2092 1552 2125 servavit.

113 2148 268 2182 namque
294 2137 417 2170 oculus
452 2139 517 2171 ille
541 2139 741 2172 omnituens
773 2150 983 2185 semperque
1019 2139 1121 2184 vigil,
1156 2139 1216 2184 qui
1249 2143 1425 2172 scrutatur
1447 2138 1552 2172 corda

104 2189 154 2216 -et
178 2194 302 2224 renes,
323 2195 376 2225 ea,
401 2196 493 2230 quae
518 2184 735 2230 interrogor,
762 2197 819 2219 me
842 2197 908 2219 nec
932 2187 1051 2219 animo
1077 2186 1283 2230 concepisse
1309 2197 1375 2218 nec
1401 2185 1553 2219 medita-

114 2236 189 2263 tum
215 2241 289 2264 esse
314 2231 415 2265 novit
439 2238 547 2278 atque
570 2233 733 2266 illaesum
752 2244 832 2274 me,
857 2234 887 2266 si
907 2234 1084 2275 voluerit,
1109 2232 1304 2278 praestabit
1326 2244 1344 2264 a
1368 2233 1401 2264 vi
1429 2231 1550 2277 ignis.”

114 2278 269 2311 occurrit
300 2279 509 2324 episcopus:
539 2278 730 2314 “Romanis
764 2286 800 2313 et
838 2280 1060 2325 sapientibus
1088 2279 1232 2313 Graecis
1270 2290 1336 2311 nec
1358 2279 1461 2324 lege,
1485 2291 1553 2314 nec

111 2335 209 2357 more
235 2331 416 2370 receptum
443 2332 507 2368 est,
536 2332 576 2359 ut
601 2338 700 2369 reos,
727 2326 869 2360 nobiles
894 2327 1115 2372 praesertim,
1145 2331 1391 2370 extorqueant.
1418 2325 1551 2361 barba-

114 2381 172 2404 rus
196 2372 263 2405 iste
286 2383 362 2405 mos
387 2377 441 2406 est
469 2379 504 2406 et
526 2373 687 2407 nefastus
713 2375 892 2419 planeque
920 2372 1093 2418 gentilis.”
1131 2374 1190 2406 hic
1216 2374 1415 2407 comnenus
1435 2372 1551 2420 “quo-

70 2424 72 2426 ’
112 2418 220 2460 niam,
244 2418 386 2452 domine
409 2420 625 2463 venerande,
650 2422 787 2466 inquit,
808 2421 974 2455 Romanis
992 2421 1040 2461 id,
1067 2420 1163 2466 quod
1188 2420 1296 2460 volui,
1321 2431 1388 2454 nec
1413 2420 1551 2465 legibus

113 2475 180 2498 nec
205 2466 361 2499 moribus
393 2468 565 2508 sancitum
593 2473 670 2508 est,
703 2475 745 2502 ut
768 2474 807 2501 tu
842 2468 988 2513 quidem
1013 2468 1124 2509 dicis,
1157 2467 1220 2501 sed
1245 2466 1405 2500 barbaris
1431 2469 1550 2512 genti-

114 2510 272 2557 busque,
302 2523 364 2557 ego
389 2520 506 2547 autem
534 2514 663 2548 Christi
690 2526 835 2548 munere
859 2515 1002 2548 humilis
1033 2517 1209 2547 Romanus
1236 2525 1324 2555 sum,
1349 2515 1548 2548 examinate

112 2569 169 2591 me
197 2565 234 2592 et
260 2559 297 2592 in
319 2571 374 2593 me
407 2561 599 2606 inquirite,
625 2562 652 2595 si
682 2563 730 2595 ita
751 2562 852 2595 vobis
871 2562 1002 2606 placet,
1032 2561 1223 2595 secundum
1243 2561 1337 2604 leges
1361 2573 1548 2607 moresque

111 2605 298 2641 Romanos.
325 2608 352 2639 si
372 2606 527 2652 legitime
544 2609 701 2642 'videbor
727 2609 884 2642 criminis
911 2621 991 2642 reus
1017 2619 1104 2646 esse,
1128 2619 1172 2640 ne
1188 2613 1263 2641 esto
1285 2609 1401 2649 unitim
1427 2609 1481 2642 sin
1505 2620 1548 2642 ex

114 2651 239 2685 iisdem
256 2653 394 2697 legibus
420 2667 491 2688 non
511 2666 601 2695 reus,
625 2668 670 2690 ne
687 2662 809 2689 vocato
826 2668 882 2689 me
899 2657 935 2688 in
954 2655 1122 2688 iudicium
1143 2666 1208 2688 neu
1229 2655 1396 2699 respicito
1414 2667 1547 2688 sermo-

115 2709 178 2732 nes
195 2698 390 2742 hominum,
415 2703 478 2748 qui
505 2703 627 2749 inique
655 2703 741 2737 mihi
765 2714 804 2737 ac
822 2708 962 2749 praeter
978 2703 1150 2736 rationem
1176 2701 1390 2744 obtrectant,
1414 2702 1547 2737 invidia
