1806 3190
554 188 655 228 Lm.
685 188 757 228 m.
807 185 926 228 GAP.
954 188 1027 228 ιιι.
1380 169 1488 237 243

60 281 163 337 ξύλα
201 286 273 327 καί
305 281 486 339 χώματα
525 285 678 334 αύτούς
704 287 875 340 οἰκτρῶς
904 287 1132 337 ἐσκέπαζον
1160 287 1233 326 καί
1259 286 1302 327 ἑν
1328 287 1382 342 τῷ
1410 283 1491 343 ᾄδῃ

54 352 218 402 ’ζῶντας
239 353 520 405 παρέπεμπον.
543 353 671 405 ἕτεροι
703 353 748 393 δὲ
767 353 839 393 καί
862 350 969 403 μετὰ
998 354 1278 407 προαιρέσεως
1307 351 1344 393 οἱ
1370 356 1493 393 πλέον

59 417 231 471 ἰσχυροί
257 417 330 458 καί
359 417 583 470 δυνάμενοι
600 419 646 459 ὲκ
671 419 744 471 τῆς
773 416 905 471 ὁρμῆς
931 417 1005 459 καί
1029 418 1212 472 σπουδῆς
1240 417 1334 467 τούς
1363 417 1494 460 ἀσθε-

57 482 274 535 νεστέρους
305 481 402 525 alvu*
428 481 590 524 κλάδων
615 481 687 524 καί
713 481 910 535 χώματος
939 481 1133 537 ἔρριπτον
1162 483 1343 538 α’πηνῶς.
1386 482 1491 524 ἀλλὰ

7 535 50 596 ξ
62 548 133 588 καί
158 550 287 589 ταῦτα
315 551 530 598 ποιοῦντες
555 549 628 589 ου’κ
652 546 849 594 ἐδύναντο
883 554 1029 603 φυγεῖν
1054 549 1252 600 ἀβλαβεῖς
1280 547 1324 591 «ζ”κ
1339 564 1382 591 τε
1410 550 1495 591 τῶν

60 613 306 665 ἐλεβολικῶν
342 613 415 656 καί
447 613 782 668 τζαγκρατόρων,
828 616 901 655 καί
940 617 984 654 ἐκ
1020 614 1102 656 τῶν
1144 616 1295 668 τειχῶν
1330 616 1496 671 βαρέων

60 680 192 720 λίθων
223 674 641 736 α’ποσφενὸονούμενα
692 677 730 720 οἱ
770 681 950 721 ἐναντίοι
993 681 1178 733 αἰσχρῶς
1221 679 1391 723 ἔπιπτον
1427 682 1500 722 καὶ

59 742 192 785 πολλὰ
220 743 570 800 κατεπλήττοντο,
610 744 683 786 καί
721 744 764 786 ἐκ
801 747 884 787 τῶν
924 746 1136 800 ἡμετέρων
1170 747 1276 794 τινὲς
1302 747 1501 799 α’βλαβεΐς

60 809 138 850 οιῖκ
174 811 435 863 ἐναπέμενον.
505 809 700 865 σύροντες
739 812 786 853 δὲ
815 810 888 852 καί
913 809 986 860 τάς
1023 810 1229 864 ὲλεβόλεις
1258 812 1397 853 αὐτῶν
1424 812 1502 860 ἕως

19 876 134 930 ὺγῆς
160 877 244 917 τῶν
271 875 454 932 τάφρων,
486 876 600 932 καὶῆ
628 878 746 932 μάχη
775 878 849 917 καί
875 877 898 916 ὅ
928 877 1105 930 πόλεμος
1132 878 1203 918 καί
1228 875 1254 931 ἡ
1283 875 1499 931 συμπλοκὴ

59 943 267 998 φρικαλὲα
294 943 463 995 ἐγένετο.
493 945 565 985 καί
591 945 650 991 εἰς
689 943 796 984 αὐτὰ
829 939 905 983 ούκ
933 942 1059 997 οἷγενῆ
1088 937 1195 997 ἦσαν
1225 944 1298 984 καί
1325 942 1376 984 τά
1402 943 1503 998 ἦμέ-

57 1022 180 1061 τερα·
211 1006 283 1049 καί
306 1008 557 1061 θαυμαστὸν
584 1003 647 1063 ἦν,
678 1012 812 1062 χωρίς
842 1007 1060 1063 ἐμπειρίας
1079 1011 1261 1061 πολέμου
1292 1003 1405 1057 ὄντες
1430 1007 1504 1063 τήν

56 1076 173 1127 νίκην
215 1071 328 1127 εἶχον
380 1076 451 1116 διὰ
486 1074 529 1117 τὸ
570 1075 880 1129 μεγαλοψύχως
926 1073 998 1116 καὶ
1026 1076 1221 1129 γενναίως
1263 1076 1504 1129 ἐντυχόντες

57 1139 227 1181 ἐποίουν
265 1139 309 1180 τὸ
350 1139 454 1194 ὑπὲρ
484 1140 676 1194 δύναμιν.
735 1144 805 1182 καί
845 1141 942 1190 τούς
969 1140 1158 1197 τάφρους
1186 1141 1418 1195 ἐνεγὲμιζον
1447 1141 1504 1181 δι’

60 1200 158 1259 ὅλης
183 1206 255 1259 τῆς
281 1203 456 1261 ἡμέρας,
486 1207 605 1260 ἡμεῖς
634 1209 680 1248 δὲ
708 1209 764 1248 δι’
794 1203 890 1261 ὅλης
921 1210 993 1261 τῆς
1023 1204 1170 1255 νυκτὸς
1199 1206 1274 1255 τὰς
1303 1202 1407 1256 ὕλας
1434 1205 1543 1248 καίΒ

57 1268 108 1311 τὰ
147 1268 251 1319 ξύλα
288 1269 517 1324 εἱλκίζομεν
560 1270 744 1313 ἔσωθεν·
805 1274 878 1313 καί
912 1270 956 1314 αἱ
1000 1270 1165 1329 ὀρύξεις
1204 1274 1288 1313 τῶν
1329 1270 1505 1328 τάφρων

58 1337 334 1388 ἑναπέμειναν
365 1336 419 1385 ὥς
459 1339 531 1379 καί
567 1333 618 1391 ἦν
653 1336 698 1378 τὸ
727 1337 946 1392 πρότερον.
1013 1335 1110 1385 τούς
1152 1339 1198 1379 δὲ
1231 1335 1504 1390 χαλάσαντας

59 1401 246 1455 πύργους
270 1403 378 1455 χοῦν
405 1402 511 1455 μετὰ
541 1404 757 1456 σπυρίδων
783 1402 1062 1456 βαστάζοντες
1089 1403 1161 1444 καί
1188 1404 1363 1457 ἀγγείων
1391 1404 1503 1454 ξυλί-

61 1480 144 1507 νων
171 1466 284 1511 οἴνου
313 1471 386 1509 καί
411 1465 565 1522 ἑτέροις
595 1468 731 1518 ξύλοις
760 1464 887 1517 αὖθις
916 1468 1238 1521 α’νεκαινίζομεν.
1268 1468 1289 1509 ὅ
1321 1470 1367 1510 δὲ
1395 1469 1503 1524 α’μη-

25 1535 28 1540 “
62 1533 139 1588 ρᾶς
163 1535 337 1587 θεωρῶν
373 1533 577 1591 ᾐσχύνετο
618 1533 685 1576 dm*
733 1533 778 1576 τὸ
821 1533 896 1589 τήν
931 1534 1090 1590 βουλὴν
1134 1536 1264 1577 αὐτοῦ
1292 1530 1502 1590 ἄπρακτον

153 1664 186 1687 2.
212 1653 432 1701 ἀπέπεμπον
461 1656 485 1689 Ρ
617 1657 648 1690 3.
673 1656 732 1700 τῆς
759 1655 882 1692 αὐτῶν
908 1656 1072 1699 σπουδῆς
1092 1653 1176 1695 τοὺς
1202 1657 1226 1689 Ρ
1342 1658 1375 1689 6.
1400 1656 1500 1699 τηλε-

151 1702 333 1747 βολίσκων
358 1703 382 1735 Ρ
497 1703 629 1748 τειχῶν
656 1715 712 1736 om
738 1703 762 1736 P
856 1716 888 1748 7.
916 1703 1321 1750 ἅποσφενδονοὺμενοι
1346 1703 1368 1734 Ρ
1463 1716 1497 1748 9.

153 1749 302 1795 ἔμειναν
328 1750 351 1782 P
456 1750 653 1796 τηλεβόλεις
677 1761 734 1783 sec
759 1750 795 1790 P,
820 1749 999 1788 ἑλεπόλεις
1024 1762 1064 1794 pr
1163 1751 1213 1785 13.
1235 1749 1500 1796 μεγαλόψυχον

152 1798 216 1828 καὶ
238 1802 413 1841 γενναῖον
439 1795 462 1828 P
578 1800 625 1842 ¹4.
652 1798 819 1845 ἐγέμιζον
843 1798 868 1830 Ρ
968 1809 1016 1842 ¹7·
1039 1798 1296 1841 χαλασθέντας
1323 1797 1346 1828 P
1448 1799 1497 1831 ιδ.

154 1854 194 1876 π.
216 1837 309 1888 μετὰ
336 1842 529 1888 σπυρίδιον
551 1846 731 1891 γέμοντος
749 1843 924 1890 χώματος
946 1847 1008 1878 καὶ
1032 1844 1057 1877 Ρ
1160 1854 1214 1878 20-
1238 1843 1318 1891 ᾗσχ.
1344 1845 1408 1878 καὶ
1430 1855 1498 1879 κα-

153 1896 370 1935 τεφρονεῖτο
398 1886 459 1923 διὰ
484 1890 507 1922 Ρ

62 2001 254 2042 materiam,
282 2002 450 2035 nonnulli
475 2002 565 2035 adeo
593 2002 719 2036 ardore
743 2001 881 2048 abrepti
906 2002 1064 2036 tentoria
1093 2013 1171 2035 sua:
1201 2006 1348 2046 eratque
1371 2000 1495 2034 videre

60 2048 186 2081 mirum
209 2050 468 2093 spectaculum,
491 2060 562 2094 quo
585 2061 704 2082 eorum
731 2061 803 2082 non
834 2049 938 2094 pauci
963 2048 1196 2082 multitudine
1222 2055 1259 2081 et
1286 2049 1355 2080 loci
1383 2058 1494 2091 angu-

60 2095 135 2127 stiis
172 2096 364 2140 compressi
397 2096 597 2137 cadebant,
629 2102 666 2129 et
693 2096 736 2129 ab
769 2097 831 2138 iis,
864 2097 926 2142 qui
959 2095 1200 2141 sequebantur
1234 2101 1270 2128 et
1301 2093 1496 2127 crudeliter

60 2141 279 2175 deiiciebant
311 2142 407 2186 ligna
440 2149 477 2177 et
499 2149 625 2176 terram
662 2146 846 2184 effossam,
877 2142 1131 2176 miserabiliter
1157 2142 1328 2187 cooperti,
1353 2142 1422 2174 vivi
1449 2139 1494 2173 ad

58 2187 192 2222 inferos
217 2189 461 2223 mittebantur.
495 2191 660 2223 nonnulli
693 2191 798 2223 etiam
822 2190 954 2224 viribus
991 2189 1103 2223 validi
1128 2200 1169 2223 ac
1194 2189 1330 2222 robusti
1358 2199 1400 2220 ex
1425 2188 1495 2220 im-

54 2240 144 2280 petu
173 2239 210 2268 et
235 2235 468 2270 festinatione
492 2238 703 2270 infirmiores
729 2238 820 2271 ultro
847 2249 911 2282 pro
938 2238 1041 2270 ramis
1059 2236 1117 2270 vel
1141 2242 1235 2270 terra
1260 2235 1412 2268 saeviter
1430 2234 1495 2267 de-

58 2281 260 2316 trudebant.
288 2282 350 2316 sed
373 2295 481 2329 quum
507 2284 595 2317 haec
622 2284 792 2326 facerent,
814 2296 888 2317 non
911 2290 1078 2329 poterant
1102 2283 1189 2317 salvi
1207 2282 1366 2316 devitare
1390 2280 1494 2314 hele-

59 2329 195 2407 polium
236 2334 272 2362 et
295 2330 448 2363 telorum
473 2332 574 2372 ictus,
601 2337 637 2364 et
673 2342 691 2363 a
718 2330 909 2375 grandibus
936 2331 1040 2369 saxis,
1065 2340 1158 2376 quae
1183 2330 1227 2362 de
1251 2338 1349 2361 muro
1374 2328 1494 2360 vibra-

87 2381 200 2416 antur,
225 2375 400 2410 cadebant
424 2379 576 2423 turpiter
594 2378 816 2423 multumque
839 2378 1130 2412 vulnerabantur:
1157 2387 1359 2422 quanquam
1385 2375 1492 2408 etiam

59 2421 105 2455 de
130 2423 260 2456 nostris
289 2425 455 2457 nonnulli
478 2436 549 2457 non
576 2425 691 2458 illaesi
722 2431 935 2458 manserunt.
954 2428 1137 2458 traxerunt
1160 2428 1280 2456 tamen
1306 2421 1491 2466 helepoles

58 2468 103 2500 ad
129 2479 224 2503 oram
247 2469 376 2510 fossae,
403 2477 438 2504 et
462 2471 664 2504 conflictum
691 2483 730 2504 ac
747 2471 964 2505 decertatum
992 2476 1045 2504 est
1068 2469 1300 2503 horribiliter.
1331 2474 1368 2501 at
1394 2468 1491 2502 haud

57 2515 219 2549 imbelles
243 2518 355 2550 nostri
380 2529 416 2550 se
442 2519 685 2563 praebuerunt
701 2544 709 2558 ‚
751 2530 791 2551 ac
820 2520 943 2551 mirum
969 2524 1057 2558 erat,
1083 2523 1122 2549 ut
1145 2516 1241 2548 bello
1268 2515 1490 2548 inexercitati

57 2562 242 2596 victoriam
267 2568 388 2597 tamen
425 2571 660 2610 reportarent,
689 2570 725 2598 et
749 2577 874 2609 magno
906 2565 1022 2597 animo
1049 2569 1085 2596 et
1109 2573 1276 2606 generose
1300 2572 1335 2594 se
1362 2561 1492 2595 obiici-

60 2613 160 2642 entes
183 2620 287 2655 supra
317 2611 409 2644 vires
434 2612 647 2645 laborarent.
682 2613 803 2658 itaque
828 2623 934 2657 quum
961 2611 1014 2643 illi
1044 2615 1123 2642 toto
1146 2609 1204 2641 die
1230 2609 1338 2641 fossas
1362 2608 1490 2654 imple-

59 2661 150 2696 rent,
176 2659 284 2691 nostri
308 2662 383 2692 tota
407 2664 511 2691 nocte
537 2659 732 2698 materiem,
757 2665 895 2699 terram,
931 2658 1024 2700 ligna
1047 2657 1140 2688 intro
1166 2655 1369 2700 egerebant,
1393 2654 1488 2689 unde

60 2699 174 2735 fossae
197 2709 411 2744 manserunt,
441 2705 563 2750 quales
591 2711 674 2739 ante
700 2706 851 2739 fuerant.
891 2711 1002 2738 turres
1027 2708 1142 2735 autem
1168 2713 1352 2735 concussas
1380 2701 1487 2735 humo

59 2748 97 2781 in
123 2748 286 2785 corbibus
314 2756 350 2785 et
368 2752 458 2785 vasis
486 2752 612 2796 ligneis
638 2753 779 2785 vinariis
800 2757 938 2797 aggesta
969 2748 1202 2795 trabibusque
1227 2749 1485 2782 instaurabant.
