1806 3190
526 188 628 228 un.
658 189 691 227 ι.
731 186 853 228 CAP.
879 186 1040 227 xxxu.
1434 165 1508 240 95

60 286 312 341 Καλαβρίας
353 288 427 329 καί
465 288 538 342 τῆς
577 287 820 337 Ἀπουλίας,
862 286 935 327 καί
959 287 1005 328 ἒν
1044 285 1102 343 τῷ
1143 285 1407 338 ἀπέρχεσθαι
1436 284 1510 327 τόν

61 353 209 396 στόλον
236 350 460 395 Ζάκυνθον
487 353 561 394 καί
591 353 861 407 Κεφαλονιάν
893 351 1108 400 ὑποτελεῖς
1137 351 1332 406 ἐποίησε·
1393 352 1510 406 φθά·

60 435 140 469 σας
166 420 214 460 δὲ
249 417 272 460 ὅ
310 420 457 468 στόλος
497 420 542 460 ἐν
579 420 633 475 τῇ
671 420 924 475 Καλαβρίᾳ,
967 415 1013 458 τό
1056 415 1262 473 φρούριον
1300 416 1347 459 τὸ
1389 418 1435 459 ἐν
1463 418 1514 475 τῇ

59 484 260 543 Ἀπουλίᾳ
296 483 340 527 τό
383 484 601 539 λεγόμενον
629 484 804 537 “Υδροῦς
839 483 1089 532 ἀποκλείσας
1126 485 1200 525 καί
1234 481 1515 539 πολιορκήσας

26 549 167 600 ,αὐτὸ
194 549 346 605 ἔλαβε,
373 549 447 593 καί
472 552 592 606 ἕτερα
621 547 806 606 φρούριά
837 565 931 591 τινα
972 547 1114 603 λαβών
1141 548 1287 604 πρόσω
1315 549 1514 604 ἐπορεύε-

61 633 127 661 το.
183 620 257 660 καί
282 617 356 660 ἐάν
394 615 454 672 μὴ
493 616 518 658 o‘
556 614 657 666 θεός
701 616 745 667 ἐξ
782 615 1021 669 ἀνθρώπων
1059 616 1256 670 ἐποίησεν
1294 614 1425 658 αὕτόν
1452 610 1515 664 οἷς

61 680 150 727 οἶδε
174 682 365 737 τρόποις,
405 682 455 725 τά
494 679 619 734 ὅμοια
659 681 718 731 ὥς
760 686 834 724 καί
857 681 977 737 ἡμεῖς
1006 679 1044 722 οἱ
1070 680 1224 724 Ἰταλοὶ
1250 679 1411 724 ἔπαθον
1443 676 1510 724 ἄν.

62 748 287 800 οἷκουσθείς
332 751 378 792 δὲ
421 746 444 789 ὅ
487 748 670 798 θάνατος
707 747 842 789 αὐτοῦ
876 748 920 789 ἐν
946 749 999 804 τῇ
1024 748 1203 804 Ἰταλίᾳ,
1233 745 1271 789 οἱ
1300 747 1514 802 σατράπαι

64 818 139 858 καί
164 815 203 858 οἱ
230 817 479 870 κυβερνῆται
506 816 582 857 τοῦ
623 813 768 857 στόλου
797 812 871 855 καί
896 816 971 856 τοῦ
999 816 1186 868 στρατοῦ
1212 813 1316 866 μετὰ
1346 813 1514 868 συμβά-

29 897 171 931 οσεως
195 880 245 923 τά
275 879 460 938 φρούρια
490 882 662 937 ἀφέντες
689 882 734 922 ἐκ
761 881 836 935 τῆς
863 878 1037 929 Ἰταλίας
1065 880 1365 934 ἀνεχώρησαν·
1441 882 1516 921 καί

65 943 197 997 οὕτως
225 946 276 990 τὰ
317 948 363 989 ἐν
398 949 448 1004 τῇ
475 948 704 1003 Καλαβρίᾳ
734 946 974 1001 γεγόνασιν.
1040 947 1310 1000 ἐβασίλευσεν
1350 947 1397 987 δὲ
1437 943 1513 1000 ἔτη

65 1011 143 1055 δύο
183 1014 256 1055 καί
290 1010 509 1067 τριάκοντα
533 1046 545 1067 ,
585 1012 659 1055 καί
693 1015 793 1054 δέκα
834 1015 1050 1066 βασιλείας
1081 1011 1261 1062 ὑπέταξε
1290 1011 1363 1053 καί
1388 1011 1513 1054 ἐδού-

64 1084 200 1131 λωσε,
231 1081 302 1121 καί
331 1080 545 1129 διακοσίας
571 1079 712 1129 πόλεις
741 1080 787 1120 ἑκ
814 1081 897 1120 τῶν
924 1080 1197 1133 Χριστιανῶν
1223 1077 1361 1132 ἔλαβε.
1391 1080 1513 1121 πέντε

65 1147 112 1189 δὲ
141 1147 384 1196 διαλέκτους
423 1147 558 1201 χωρίς
595 1148 668 1201 τῆς
709 1145 842 1187 αὑτοῦ
876 1146 1017 1201 ὀρθῶς
1043 1144 1219 1198 ὡμίλει,
1245 1141 1511 1201 Ἑλληνικήν,

30 1211 321 1266 5Λατινικήν,
349 1209 606 1267 Ἀραβικήν,
646 1210 896 1266 Χαλδαϊκὴν
934 1212 1007 1254 καί
1043 1210 1277 1266 Περσικήν.
1344 1210 1440 1253 λίαν
1462 1206 1514 1266 ἦν

63 1277 390 1334 εὐφραινόμενος
415 1276 576 1331 ὁμιλεῖν
597 1280 670 1319 καί
694 1278 963 1332 διαλέγεσθαι
988 1276 1090 1331 μετά
1118 1279 1263 1333 σοφῶν
1291 1279 1363 1319 καί
1389 1287 1511 1318 συνε-

61 1346 144 1387 τῶν
172 1344 360 1398 ἀνδρῶν·
435 1343 503 1386 διά
533 1346 656 1386 τοῦτο
685 1342 758 1385 καί
781 1342 852 1385 τόν
877 1342 1148 1399 πατριάρχην
1180 1342 1258 1397 κύρ
1287 1341 1512 1385 Γεννάδιον

62 1407 203 1466 ἦγάπα
233 1410 304 1451 καὶ
347 1405 497 1465 ἤκουεν
525 1412 657 1452 αὐτοῦ
686 1409 759 1452 καί
784 1411 983 1464 συχνάκις
1022 1411 1168 1462 (ὁμίλει
1200 1411 1328 1467 αι’τῷ.
1397 1408 1510 1464 ἔλεγε

67 1479 113 1520 δὲ
143 1473 207 1519 ὅτι
251 1479 296 1518 ἑκ
322 1479 397 1531 τῆς
426 1479 508 1519 τῶν
552 1473 715 1531 ἄστρων
753 1475 951 1532 κινήσεως
988 1474 1207 1531 ἐγνώριζεν
1234 1473 1298 1518 ὅτι
1324 1479 1512 1530 βασιλεῖς

31 1543 234 1598 οέμελλεν
259 1543 463 1596 ὑποτάξαι
503 1545 576 1587 καί
613 1542 792 1593 πολλοὺς
819 1543 971 1593 τόπους
1006 1544 1244 1595 δουλῶσαι,
1283 1543 1356 1585 καί
1382 1540 1513 1592 οὕτως

65 1611 236 1665 ἐγένετο.

179 1676 272 1719 Kal
312 1674 445 1727 οὕτως
477 1679 578 1731 μέν,
618 1674 762 1726 καθώς
799 1675 1079 1731 ἱστορήσαμεν
1115 1680 1206 1719 κατ’
1233 1675 1458 1730 ἐπιτομήν,
1489 1675 1512 1729 ἡ

67 1743 178 1801 α’ρχῆ
208 1743 279 1786 τοῦ
306 1747 448 1798 γένους
472 1745 710 1799 τοῦοίμηρᾶ
734 1741 970 1797 Ὀτθμάνου
988 1741 1061 1786 καί
1077 1745 1158 1785 τῶν
1185 1745 1229 1794 ἐξ
1253 1743 1383 1784 αὐτοῦ
1410 1738 1514 1783 dno-

169 1874 196 1896 ι.
220 1862 498 1907 ἐπανέρχεσθαι
519 1862 558 1895 Μ
674 1872 707 1895 2.
734 1861 916 1904 ἐποίησαν
943 1861 969 1894 P
1061 1862 1093 1904 4.
1119 1858 1236 1906 ὕδρου
1259 1859 1303 1902 Ρ,
1328 1857 1515 1906 ὕδρινθόν

161 1909 469 2002 ιιῃαακῗῇοίὲἑέἒρριξ
491 1911 581 1957 παρ’
601 1906 748 1950 Ἰταλοῖς
764 1908 974 1955 Ὄτραντον.
997 1907 1207 1944 pachomius
1234 1908 1272 1941 in
1294 1908 1453 1952 margine
1479 1907 1515 1940 M

71 2058 179 2099 atque
202 2053 239 2086 in
265 2053 393 2087 itinere
418 2053 631 2097 Zacynthum
677 2058 714 2087 et
748 2053 1000 2098 Cephaleniam
1032 2052 1223 2097 vectigales
1248 2052 1342 2084 fecit.
1366 2050 1516 2096 appulsa

72 2103 184 2134 classe
208 2100 253 2133 ad
280 2101 500 2142 Calabriam,
530 2101 701 2146 oppidum
720 2100 872 2146 Apuliae
905 2101 1126 2144 Hydruntem
1155 2099 1300 2132 obsedit
1325 2100 1516 2143 cepitque,

73 2155 182 2194 atque
217 2148 296 2181 aliis
330 2148 544 2193 quibusdam
578 2148 721 2193 oppidis
755 2149 958 2193 occupatiS,
994 2148 1086 2179 ultra
1125 2146 1309 2192 processit.
1348 2157 1409 2186 ac,
1446 2145 1516 2177 uisi

74 2197 162 2230 deus
189 2207 291 2236 eum,
311 2195 439 2240 quibus
469 2197 561 2228 solet
586 2194 803 2236 rationibus,
830 2207 850 2228 e
871 2195 959 2230 vivis
985 2194 1201 2234 abstulisset,
1229 2203 1420 2225 aerumnae
1447 2203 1516 2225 no-

73 2245 152 2277 stris
187 2254 288 2288 pares
323 2243 529 2276 subeundae
566 2243 666 2275 Italis
693 2242 851 2276 fuissent.
907 2247 1087 2287 comperta
1126 2242 1201 2274 eius
1228 2245 1342 2273 morte
1371 2240 1408 2272 in
1442 2239 1516 2271 lta-

72 2291 139 2331 lia,
175 2296 334 2335 satrapae
360 2297 396 2323 et
423 2290 530 2323 duces
555 2290 675 2323 classis
709 2294 817 2334 atque
845 2290 1021 2322 exercitus
1045 2288 1110 2321 sub
1142 2286 1409 2321 conditionibus
1435 2285 1517 2331 qui-

71 2337 219 2370 busdam
247 2336 378 2382 oppida
411 2339 643 2370 restituerunt
682 2342 717 2369 et
741 2348 783 2369 ex
807 2337 911 2370 Italia
946 2336 1185 2369 decesserunt.
1211 2346 1264 2367 res
1291 2335 1326 2366 in
1347 2332 1515 2366 Calabria

71 2385 181 2429 igitur
215 2384 266 2417 ita
306 2390 513 2418 evenerunt.
546 2384 704 2428 regnavit
741 2394 853 2417 annos
890 2384 979 2416 duos
1005 2389 1042 2417 et
1075 2383 1239 2426 triginta3
1263 2379 1455 2425 acquisivit
1480 2386 1517 2414 et

72 2431 227 2465 subiecit
254 2431 323 2464 sibi
348 2442 454 2475 regna
474 2431 610 2472 decem,
635 2436 671 2463 et
685 2430 894 2464 Christianis
920 2430 1026 2463 urbes
1051 2429 1221 2463 ducentas
1239 2427 1383 2472 eripuit.
1409 2428 1516 2472 quin-

73 2490 144 2524 que
169 2479 304 2522 linguas
331 2485 472 2523 praeter
498 2490 594 2511 suam
620 2477 730 2524 probe
763 2484 931 2518 noverat,
959 2479 1151 2517 Graecam,
1178 2476 1362 2515 Latinam,
1387 2475 1516 2507 Arabi-

73 2538 169 2566 cam,
195 2525 448 2568 Chaldaicam,
474 2525 660 2558 Persicam.
686 2525 723 2557 in
750 2524 996 2569 congressibus
1021 2531 1058 2558 et
1081 2522 1271 2567 colloquiis
1293 2533 1371 2554 cum
1397 2521 1515 2555 homi-

72 2574 177 2607 nibus
221 2573 368 2606 eruditis
392 2584 432 2606 ac
469 2572 707 2617 prudentibus
745 2571 869 2605 hilaris
895 2579 993 2605 erat:
1020 2581 1130 2616 quare
1154 2571 1259 2603 etiam
1288 2568 1515 2602 Gennadium

72 2620 308 2665 patriarcham
326 2619 500 2665 diligebat
523 2626 559 2653 et
583 2619 753 2652 audiebat
777 2619 1054 2664 frequenterque
1084 2615 1333 2651 conveniebat.
1359 2615 1516 2656 dicebat,

75 2666 241 2700 didicisse
267 2679 304 2701 se
330 2679 371 2700 ex
397 2672 568 2700 astrorum
589 2666 896 2708 conversionibus,
929 2678 965 2699 se
995 2675 1092 2708 reges
1127 2670 1163 2697 et
1188 2665 1264 2696 loca
1288 2664 1400 2697 multa
1429 2663 1517 2696 sub-

75 2720 233 2748 acturum
261 2726 360 2748 esse:
389 2714 425 2747 id
451 2714 548 2759 quod
574 2725 657 2746 sane
682 2714 814 2747 evenit.

167 2762 256 2796 'l'ale
287 2762 406 2806 igitur,
432 2762 539 2807 quale
565 2761 688 2808 paucis
712 2759 1018 2797 adumbravimus,
1043 2757 1230 2792 Otluuanis
1254 2769 1392 2792 amerae
1419 2759 1515 2791 cius-—

1540 696 1586 720 22
