1806 3190
339 175 357 210 1
378 175 395 210 Ι
409 175 443 210 Ο
743 171 975 215 GEORGII
1013 171 1336 214 PHRANTZAE

327 268 474 328 ἦλθον.
505 274 559 315 δι’
587 271 637 327 ἣν
669 273 806 314 αἰτίαν
835 271 908 312 οὐκ
939 267 1066 325 ἦλθεν
1094 269 1114 312 ὅ
1145 270 1346 325 γεννήσας
1369 285 1437 324 με,
1466 271 1580 326 κάγώ
1607 274 1668 323 εἰς
1692 272 1767 329 τὴν

326 339 645 393 Πελοπόννησον
680 334 759 379 σὺν
795 338 852 392 τῷ
881 331 1204 394 αὕθεντοηούλῳ
1229 336 1308 391 κύρ
1341 337 1477 395 Θωμᾷ
1498 340 1560 389 εἰς
1587 337 1661 395 τήν
1687 341 1766 380 oev'-

323 407 399 447 τοῦ
419 405 535 456 τάξιν
561 400 634 458 ἦν,
663 404 722 450 εἰς
749 400 979 456 ὑπηρεσίαν
1005 402 1076 444 ἐπὶ
1108 403 1315 457 τραπέζης
1345 402 1419 444 καί
1441 403 1661 459 κελλιώτης
1688 401 1768 448 αὖ·

324 473 415 524 τοῦ,
443 470 499 518 ὥς
528 469 767 523 ὦρίσθημεν
794 466 908 522 παρὰ
936 471 1011 510 τοῦ
1027 470 1234 522 βασιλέως
1249 470 1328 510 τοῦ
1347 468 1504 523 πατρὸς
1533 470 1669 512 αὐτοῦ
1694 471 1769 514 καὶ
1805 465 1806 509 ἶ

323 534 663 590 ἦτοιμαζόμεθα,
704 533 776 576 καί
811 535 904 576 ἐπεὶ
944 534 966 575 ὅ
1001 537 1078 588 μὲν
1105 533 1268 589 πρῶτός
1294 550 1376 588 μου
1419 531 1604 592 οἷδἐλφὸς
1627 532 1681 590 ἦν
1707 537 1799 587 εἶς5

322 604 394 657 τὴν
425 598 747 656 Πελοπόννησον
775 599 878 653 μετὰ
911 603 983 641 τοῦ
1007 604 1234 654 βασιλέως,
1265 598 1285 641 ὃ
1315 602 1361 642 δὲ
1388 603 1479 653 μετ’
1507 603 1583 655 ἐμὲ
1611 604 1764 658 ἕτερος,

322 667 379 717 αἷς
409 669 589 721 ἐπῆλθεν
624 665 647 707 ὅ
676 664 855 715 θάνατος
890 668 974 708 τῶν
1010 667 1205 722 ἀδελφῶν
1248 668 1404 718 αὐτοῦ,
1443 666 1570 723 α’φεὶς
1606 671 1765 723 πατέρα

319 735 394 775 καί
417 735 580 788 μητέρα
618 735 690 774 καί
729 731 940 788 ἀδελφοὺς
976 732 1165 786 ἀπῆλθεν
1196 734 1256 781 εἰς
1291 732 1367 787 τήν
1393 731 1525 788 μονὴν
1550 733 1626 789 τήν
1651 738 1765 787 asyo-

319 799 446 855 μένην
469 801 544 841 τοῦ
571 800 892 853 Χαρσιανίτου,
923 794 1027 840 ὅπου
1056 794 1109 853 ἦν
1136 799 1209 839 καί
1235 796 1257 840 ὁ
1286 798 1392 841 κατὰ
1420 799 1620 855 ἀλήθειαν
1646 796 1762 843 διδά-

318 869 469 913 σκαλος
497 863 575 918 κύρ
602 865 752 919 Ἰωσήφ
770 896 782 915 ,
811 863 884 905 καὶ
914 866 1047 906 ἐκεῖσε
1075 866 1232 919 ἐγένετο
1261 863 1462 919 μοναχός.
1780 884 1795 911 1

422 931 486 973 Ἐν
514 932 670 988 ’ἐκείνῳ
709 932 767 989 τῷ
805 929 901 984 ἔαρι
948 933 1020 972 καί
1045 933 1163 986 θέρει
1206 934 1357 984 λοιμοῦ
1391 930 1602 986 γεγονότος
1635 933 1681 975 ἐν
1713 934 1765 990 τῇ

316 999 764 1039 Κωνσταντινουπόλει
802 996 988 1038 ἀπέθανε
1026 1000 1098 1039 καί
1141 997 1163 1051 ἡ
1196 998 1392 1039 δέσποινα
1438 996 1545 1053 uvea*
1575 994 1709 1042 ’'Avvoe
1736 999 1763 1055 ἢ

316 1063 398 1104 ἀπὸ
433 1063 638 1111 Ῥωσσιόις
675 1061 875 1116 λοιμώδει
920 1060 1049 1121 νόσῳ,
1089 1064 1160 1104 καί
1208 1060 1339 1119 ἐτάφη
1379 1065 1425 1106 ἐν
1474 1066 1527 1121 τῇ
1566 1067 1641 1106 τοῦ
1680 1068 1762 1107 Λι·

315 1127 391 1182 βός
416 1131 539 1186 μονῇ.

428 1197 492 1237 36.
549 1195 610 1236 Ἐν
639 1196 686 1236 δὲ
716 1195 767 1251 τῇ
800 1195 912 1252 ἀρχῇ
939 1195 1013 1236 τοῦ
1041 1194 1173 1253 ’ςῧκξ
1204 1193 1322 1244 ἔτους
1349 1194 1503 1251 ἐστάλη
1535 1197 1596 1245 εἷς
1622 1199 1762 1240 Πελο-
1781 1214 1806 1242 1:

314 1260 519 1316 πόννησον
560 1260 580 1302 ὃ
623 1257 960 1311 αὖθεντόπουλος
1009 1261 1087 1317 κύρ
1120 1262 1277 1314 Θωμᾶς
1314 1261 1533 1316 παρὰντοῦ
1557 1265 1763 1316 βασιλέως

316 1327 389 1368 καὶ
413 1324 570 1382 πατρὸς
599 1327 733 1368 αὐτοῦ
749 1344 761 1355 ·
818 1329 862 1368 ἐν
889 1322 924 1385 ᾧ
966 1326 1016 1383 δὴ
1048 1326 1187 1384 χρόνῳ
1217 1329 1523 1381 ἐπανέστρεψεν
1548 1329 1608 1378 εἷς
1638 1331 1764 1371 Κων-

315 1390 653 1435 σταντινούπολιν
690 1395 764 1435 καί
804 1391 827 1434 ὅ
868 1393 1067 1447 βασιλεὺς
1113 1397 1184 1436 καί
1210 1395 1347 1449 πατὴρ
1379 1395 1536 1446 αὐτοῦ,
1569 1396 1677 1448 κοῖμὲ
1703 1396 1763 1445 εἷς

313 1459 362 1503 τό
396 1461 557 1502 κελλιόν
585 1459 722 1501 αὑτοῦ
752 1459 1036 1515 προσηγάγετο
1066 1463 1270 1515 Μαρτίου
1310 1459 1358 1511 ιζ’
1388 1460 1652 1515 ὑπάρχοντός
1678 1476 1761 1514 μου

312 1528 418 1569 ἑτῶν
446 1525 496 1574 ις’
523 1528 595 1567 καί
630 1523 763 1580 ἥμισυ
774 1558 786 1579 ,
831 1526 987 1568 ἐκείνου
1018 1528 1064 1568 δὲ
1092 1529 1170 1568 τοῦ
1197 1524 1452 1581 ἀειμνήστου
1485 1529 1558 1569 καί
1579 1527 1762 1583 μακαρί-
1774 1539 1806 1566 2«

311 1608 385 1635 του
418 1595 525 1636 ἑτῶν
554 1588 748 1647 ἑξήκοντα
779 1591 885 1635 ὀκτώ
919 1590 1069 1647 ἥμισυ.

423 1659 519 1701 Καὶ
543 1660 602 1715 τῷ
630 1657 762 1717 Ιςῧκζ
790 1655 872 1699 ἔτει
902 1661 1007 1713 μηνί
1035 1657 1260 1716 Νοεμβρίῳ
1289 1654 1419 1714 ἦλθεν
1446 1659 1506 1709 εἰς
1534 1657 1609 1714 τὴν
1637 1661 1761 1702 Κων-

414 1761 439 1781 ι.
469 1747 516 1782 δι’
539 1746 652 1790 αὕτη),
674 1743 740 1790 τὴν
765 1748 804 1781 Μ
944 1748 1116 1791 ἐλήλυθεν
1139 1750 1164 1783 P
1311 1748 1343 1781 5.
1370 1750 1434 1783 καὶ
1458 1747 1527 1795 ἀφ’
1553 1740 1597 1783 οὗ
1620 1749 1700 1783 ἐπεὶ
1724 1749 1761 1782 Μ

407 1797 441 1830 6.
465 1790 560 1842 μετὰ
585 1794 651 1830 τοῦ
673 1797 852 1842 βασιλέως
874 1805 931 1827 om
956 1796 980 1828 P
1098 1809 1131 1841 9.
1159 1794 1404 1843 διδάσκαλος]
1436 1795 1549 1833 ὄντως
1573 1795 1612 1828 Μ
1710 1807 1760 1830 ιο.

407 1843 508 1889 ἕγινε
533 1842 573 1876 Μ
694 1843 743 1875 13.
770 1838 845 1877 ἀπὸ
864 1842 925 1883 τῆς
943 1841 1123 1882 Ῥωσσίας
1146 1843 1184 1876 Μ
1301 1845 1442 1887 Λίβυος
1466 1844 1489 1876 P
1607 1844 1658 1877 15.
1686 1842 1756 1890 36.)

407 1889 458 1930 κζ’
483 1889 508 1922 P
637 1900 687 1933 ¹7.
712 1888 1110 1925 κωνσταντινούπολιν.
1159 1888 1180 1923 o‘
1206 1889 1245 1924 δὲ
1267 1893 1297 1935 β.
1325 1891 1350 1922 P
1478 1901 1525 1935 ¹9·
1549 1890 1706 1925 πελ-λεῖον
1735 1891 1758 1922 Ρ

409 1947 464 1968 20.
487 1936 576 1972 δέκα
602 1939 711 1972 πέντε
737 1939 800 1971 καὶ
824 1936 986 1983 ἡμίσεως
1011 1937 1035 1970 Ρ

315 2030 569 2076 praepeditus,
608 2042 672 2076 ego
713 2043 791 2064 cum
815 2031 953 2064 Thoma
988 2032 1149 2077 principe
1182 2032 1219 2065 in
1247 2031 1533 2077 Peloponnesum
1555 2030 1761 2076 profectus,

312 2079 411 2111 illius
435 2078 609 2122 fungebar
639 2078 755 2112 officio
782 2078 821 2112 in
846 2080 1059 2112 coenatione
1085 2085 1121 2113 et
1145 2079 1324 2120 cubiculo,
1349 2077 1648 2124 quemadmodum
1673 2078 1761 2111 iussi

314 2125 360 2157 ab
388 2126 623 2170 imperatore,
653 2131 755 2171 patre
780 2126 872 2167 eius,
903 2131 939 2160 et
965 2126 1076 2171 parati
1102 2137 1247 2159 eramus.
1271 2125 1382 2158 frater
1407 2135 1507 2158 meus
1535 2130 1623 2158 natu
1648 2126 1760 2158 maxi-

312 2183 390 2205 mus
413 2173 452 2205 in
469 2172 718 2218 Peloponneso
749 2178 825 2206 erat
849 2184 928 2206 cum
954 2173 1192 2218 imperatore,
1219 2178 1255 2206 et
1275 2173 1388 2214 alter,
1411 2183 1468 2206 me
1494 2172 1624 2214 minor,
1676 2182 1761 2205 uum

313 2224 430 2252 morte
455 2219 707 2253 occubuissent
731 2220 807 2253 eius
832 2219 958 2254 fratres
974 2246 983 2261 ‚
1010 2221 1146 2255 relictis
1172 2226 1275 2266 patre
1301 2226 1338 2253 et
1360 2225 1474 2254 matre
1500 2225 1537 2254 et
1560 2219 1660 2253 fratri
1689 2230 1731 2252 us
1748 2243 1759 2261 ,

316 2267 353 2299 in
377 2267 634 2300 monasterium
660 2267 814 2309 abditus,
840 2267 939 2312 quod
965 2267 1096 2301 dicitur
1121 2267 1386 2308 Charsianitae,
1427 2266 1491 2300 ubi
1523 2267 1632 2300 etiam
1654 2276 1759 2302 vetus

315 2313 379 2346 ille
405 2314 572 2358 magister
597 2314 770 2359 Iosephus
794 2314 1022 2356 versabatur,
1052 2314 1295 2347 monachicam
1324 2315 1435 2348 vitam
1455 2313 1594 2358 agebat.

410 2360 500 2394 Vere
530 2366 567 2395 et
610 2367 747 2394 aestate
783 2362 991 2405 pestilentia
1026 2361 1129 2406 Cpoli
1165 2367 1371 2406 grassante,
1412 2363 1515 2394 Anna
1549 2359 1711 2401 domina,
1737 2370 1758 2392 e

313 2407 431 2440 Rossis
457 2407 629 2450 oriunda,
655 2408 749 2441 obiit
773 2413 810 2441 et
831 2408 973 2453 sepulta
999 2414 1052 2441 est
1074 2409 1113 2442 in
1147 2409 1363 2442 monasterio
1387 2408 1495 2441 Libis-

402 2454 459 2488 36.
508 2455 689 2500 Principio
723 2460 843 2488 autem
879 2455 964 2488 anni
989 2456 1102 2498 6926,
1140 2455 1184 2488 ab
1222 2457 1436 2501 imperatore
1474 2459 1575 2499 patre
1599 2451 1758 2486 Thomas

312 2500 478 2545 princeps
502 2502 640 2536 iuvenis
666 2503 704 2535 in
731 2501 1019 2547 Peloponnesum
1053 2503 1179 2535 missus
1216 2507 1280 2536 est.
1313 2514 1385 2548 quo
1416 2501 1562 2548 quidem
1596 2504 1759 2544 tempore

313 2546 453 2591 Cpolim
492 2550 603 2583 rediit
636 2551 845 2594 imperator,
890 2549 967 2582 eius
998 2554 1116 2594 pater,
1148 2555 1183 2582 et
1210 2560 1266 2582 me
1297 2550 1333 2583 in
1368 2548 1572 2583 cubiculum
1594 2546 1759 2580 assumsit

314 2593 435 2626 Martii
470 2593 530 2628 die
561 2608 620 2638 17,
655 2607 768 2630 annos
798 2601 920 2629 natum
951 2595 1107 2629 sedecim
1141 2601 1177 2629 et
1207 2595 1416 2638 dimidium,
1453 2605 1563 2641 quum
1590 2594 1668 2637 ipse
1691 2593 1758 2626 ille

314 2645 481 2674 aeternae
509 2648 546 2677 et
577 2642 706 2677 beatae
730 2643 920 2676 memoriae
943 2643 996 2676 vir
1019 2643 1277 2688 sexagesimum
1313 2649 1476 2678 octavum
1499 2652 1578 2675 cum
1604 2638 1756 2673 dimidio

313 2692 443 2733 ageret.

405 2734 507 2767 Anno
531 2736 622 2780 6927
641 2761 651 2776 ,
674 2747 798 2771 mense
821 2735 1033 2778 Novembri,
1062 2736 1203 2782 Cpolim
1227 2737 1328 2773 venit
1353 2736 1498 2770 domina
1515 2733 1660 2782 Sophia,
1681 2732 1755 2767 filia
