1806 3190
305 165 417 239 398
725 180 954 222 Gssoncu
995 178 1316 220 PnnANTzAE

302 284 347 325 ἐν
372 283 567 340 θαλάσσῃ
596 282 655 329 εἷς
683 278 818 322 πάντα
850 277 1010 333 α’γαθοί
1034 279 1114 320 εἰσι
1152 279 1223 319 καί
1248 275 1572 332 ἐπιτηδειότατοι
1591 308 1604 331 ,
1629 278 1673 320 ἐν
1696 281 1746 335 τῇ

301 347 497 405 θαλάσσῃ
527 350 604 400 μὲν
633 343 897 387 ἱκανόπλοιοί
918 359 964 386 τε
996 343 1069 385 καί
1084 345 1414 398 θαλαττουργοί,
1442 343 1514 385 καὶ
1539 346 1639 398 νῆας
1671 345 1746 397 ἐμ-

301 414 479 466 πορικὰς
505 414 698 459 πλείστας
726 410 903 463 ἔχοντες,
937 411 1011 451 καί
1027 412 1277 462 κυβερνῆται
1295 411 1370 451 καί
1395 409 1621 464 ναύκληροι
1652 403 1746 465 ὅρι-

301 496 393 521 στοι
420 480 472 519 ου’
495 475 621 530 μόνον
649 479 693 518 ἑν
716 483 806 526 ταῖς
822 479 971 518 ναυσίν
1006 476 1156 527 αὐτῶν,
1185 473 1292 516 α’λλά
1311 477 1383 516 καί
1406 475 1477 516 ἐπὶ
1503 475 1576 516 τὸν
1602 473 1747 518 στόλον

300 543 370 587 τὸν
400 541 618 597 βασιλικὸν
647 544 895 596 κυβερνῆται
925 542 1002 582 οὔκ
1033 542 1165 594 ὀλίγοι
1195 543 1238 591 ἐξ
1268 542 1412 582 αὐτῶν
1441 540 1570 583 εἰσίν·
1625 543 1671 584 ἑν
1699 543 1783 584 δὲό

301 611 353 668 τῇ
378 612 517 666 χέρσῳ
563 607 716 661 ὁμοίως
744 609 790 648 ἐν
832 610 890 664 τῷ
919 607 1109 649 ἱππεύειν
1144 607 1217 647 καί
1243 606 1467 658 ἀκοντιζειν
1494 611 1746 661 στρατιῶται

300 677 567 730 elya-‘imitator
595 674 668 715 καί
704 674 824 724 πεζοί
861 671 1158 728 ἀνδρικώτατοι
1190 674 1261 714 καί
1290 673 1574 725 δοκιμώτατοι.
1631 672 1671 715 οἱ
1699 671 1746 716 δὲ

300 739 504 797 ἄρχοντες
525 739 662 782 αὐτῶν
682 738 806 781 πάλιν
829 740 992 781 συνετοί
1008 737 1080 780 καί
1100 740 1230 794 σοφοί
1248 740 1321 779 καί
1339 736 1507 792 ἔντιμοι,
1527 737 1747 790 ξενίζοντες

299 807 397 855 τοὺς
424 804 621 860 τυχόντας
644 807 715 847 καί
741 806 1102 860 παραμυθοῦντες.
1131 805 1203 844 καί
1225 803 1304 857 πρὸ
1328 804 1491 846 πάντων
1509 803 1580 860 τὴν
1607 807 1747 847 πίστιν

298 875 373 915 καί
398 868 566 914 εὔνοιαν
597 871 647 926 ἢν
677 869 907 927 ἐφύλαττον
937 869 1113 912 ἔκπαλαι
1144 871 1216 912 καί
1246 871 1323 919 ἕως
1351 873 1424 911 τοῦ
1454 873 1528 912 νῦν
1559 871 1618 920 εἰς
1644 869 1806 929 θεὸνις

298 942 372 982 καί
399 941 457 988 εἰς
487 936 563 993 τὴν
591 938 730 993 ἀρχὴν
752 937 983 989 Ῥωμαίων.
1055 935 1126 976 δια
1157 934 1313 985 ταύτας
1343 938 1421 988 μὲν
1449 936 1522 985 τὰς
1548 935 1746 986 τοιαύτας

298 1005 477 1060 χάριτας
507 1007 580 1045 καί
606 1002 761 1058 ιῖρετάς
787 1003 860 1043 καί
886 1004 946 1050 εἷς
970 1001 1068 1050 τούς
1096 1004 1285 1055 βασιλεῖς
1313 998 1479 1043 εὔνοιαν
1511 1001 1583 1043 καί
1607 1002 1747 1044 πίστιν

299 1074 346 1114 ἐν
375 1069 598 1127 διαφόροις
625 1075 785 1124 καιροῖς
825 1068 1041 1124 διαφόρως
1072 1067 1111 1109 οἱ
1140 1068 1385 1120 κρατοῦντες
1409 1062 1584 1117 ἄνακτες
1604 1069 1746 1123 ἐτίμη-

300 1155 380 1180 σαν
403 1139 477 1179 καί
504 1138 563 1186 εἰς
581 1135 745 1189 μεγάλα
773 1134 982 1190 προνόμια
998 1132 1074 1188 τὴν
1091 1130 1213 1187 ἁγίαν
1240 1133 1458 1187 ἐκκλησίαν
1481 1135 1622 1175 αὐτῶν
1653 1129 1746 1175 ἆνε-

300 1208 495 1259 βίβασαν.
551 1203 626 1243 καί
652 1202 815 1255 πρῶτον
842 1202 921 1253 μὲν
949 1201 1072 1241 τοῦτο
1102 1198 1147 1241 τὸ
1181 1197 1444 1253 περιώνυμον
1473 1201 1546 1240 καί
1573 1196 1746 1254 ὗπερνε-
1765 1202 1802 1244 εξ

302 1271 426 1327 φελὲς
457 1266 661 1325 φρούριον
688 1264 914 1321 ἐπισκοπὴν
944 1260 1076 1307 οὖσαν
1103 1266 1177 1319 τῆς
1194 1264 1410 1318 Κορίνθου
1435 1263 1744 1319 μητροπόλεως,

301 1338 359 1376 δι’
389 1334 439 1384 ἃς
465 1333 635 1387 εἴπομεν
671 1330 826 1387 ἀρετὰς
854 1333 938 1373 τῶν
966 1331 1147 1372 πολιτῶν
1179 1332 1252 1371 καί
1275 1328 1454 1384 χάριτας
1483 1331 1559 1372 τοῦ
1579 1325 1747 1383 ἄστεως,

301 1402 322 1442 ὃ
358 1395 602 1454 ἀείμνηστος
632 1395 831 1452 βασιλεύς
860 1395 932 1437 καί
955 1396 1122 1452 μα’ρτυρ
1139 1398 1383 1450 ῙΙῙαυρίκιος
1411 1395 1432 1438 ὃ
1458 1397 1532 1437 καί
1558 1397 1748 1449 Τιβέριος

299 1468 361 1515 εἷς
389 1463 645 1520 μητρόπολιν
686 1463 932 1516 ἀνεβίβασεν
973 1463 1046 1504 καί
1075 1460 1324 1517 τριακοστὸν
1365 1463 1562 1515 τέταρτον
1592 1461 1748 1515 θρόνον

297 1530 456 1583 ἔταξεν,
485 1533 556 1572 καί
585 1532 705 1586 ἕτερα
735 1526 942 1584 προνόμια
962 1527 1062 1582 περὶ
1088 1530 1333 1582 ἐλευθερίας
1354 1530 1429 1581 τῆς
1456 1527 1614 1578 πόλεως
1641 1529 1745 1570 ὲὸω-
1758 1549 1803 1576 20

299 1600 473 1655 ρὴσατο.
503 1597 799 1639 ἐπακολουθῶν
827 1595 874 1636 δὲ
905 1596 977 1636 καί
1012 1591 1032 1635 ὃ
1066 1593 1268 1648 βασιλεὺς
1295 1591 1374 1650 κύρ
1400 1593 1578 1643 Ἀλέξιος
1603 1592 1625 1634 ὅ
1658 1596 1746 1636 Ko-

390 1744 423 1776 9.
448 1731 511 1764 καὶ
534 1725 606 1776 πρὸ
637 1750 678 1755 —
707 1727 914 1775 Ῥωμαίων]
944 1726 1000 1760 his
1025 1732 1107 1772 post
1129 1739 1161 1760 v.
1196 1737 1244 1759 ¹2.
1269 1728 1332 1761 καὶ
1358 1729 1485 1763 πίστιν
1508 1727 1625 1773 aptior
1646 1727 1745 1762 locus

392 1788 449 1811 20.
474 1782 556 1824 post
581 1778 705 1816 ἔταξεν
728 1776 754 1808 Ρ
779 1777 840 1811 ἐπὶ
868 1777 969 1813 ἔτους
995 1799 1003 1806 .
1032 1798 1040 1807 .
1069 1798 1078 1806 .
1108 1798 1116 1806 .
1149 1774 1379 1814 ἰνδικτιῶνος
1403 1798 1411 1806 .
1442 1799 1450 1807 .
1478 1799 1486 1807 .
1708 1774 1711 1777 ’

299 1914 372 1941 tem
397 1912 435 1940 et
468 1906 597 1940 civium
631 1905 756 1951 populi
787 1916 830 1939 ue
865 1906 1015 1938 virtutes
1045 1909 1082 1938 et
1122 1904 1371 1938 fortitudinem
1398 1906 1466 1938 iam
1494 1915 1746 1938 commemore-

299 1966 389 1988 mus.
438 1958 531 1986 terra
553 1954 713 1998 marique
739 1917 784 1985 nil
821 1952 940 1985 omnia
965 1952 1074 1985 fortes
1112 1958 1148 1985 et
1175 1964 1280 1997 quam
1304 1953 1455 1985 maxime
1478 1952 1601 1986 idonei
1639 1958 1744 1996 sunt3

300 2014 341 2035 ac
365 2012 464 2034 mare
489 2000 633 2046 quidem
658 2000 812 2032 scienter
839 2000 1018 2042 navigant,
1038 2010 1232 2044 ‘navesque
1258 2000 1437 2033 onerarias
1459 2000 1652 2044 permultas
1677 1999 1746 2032 ha-

299 2049 391 2082 bent
417 2059 494 2081 cum
522 2046 819 2092 gubernatoribus
838 2051 874 2079 et
899 2046 1074 2078 naucleris
1091 2047 1417 2090 praestantissimis,
1445 2047 1507 2092 qui
1532 2058 1605 2080 non
1629 2047 1745 2080 solum

298 2097 458 2141 ipsorum
475 2106 581 2128 naves
610 2099 747 2138 regunt,
775 2092 838 2127 sed
863 2093 969 2126 etiam
994 2104 1120 2136 magno
1140 2104 1289 2126 numero
1315 2093 1461 2126 classem
1481 2094 1745 2138 imperatoriam

300 2143 512 2187 gubernant.
571 2141 737 2174 similiter
764 2141 802 2173 in
837 2145 930 2172 terra
955 2151 1025 2185 qua
1051 2140 1266 2184 equitando,
1291 2151 1362 2185 qua
1391 2140 1582 2174 iaculando
1610 2140 1744 2174 milites

301 2184 443 2235 optimi,
468 2194 504 2222 et
527 2187 668 2233 pedites
704 2187 887 2220 fortissimi
921 2192 956 2219 et
994 2186 1235 2231 probatissimi
1262 2192 1356 2220 sunt.
1406 2187 1492 2220 item
1520 2198 1642 2220 eorum
1668 2199 1746 2220 ma-

302 2238 467 2282 gistratus
492 2236 694 2280 sapientes,
718 2234 822 2279 periti
851 2239 889 2266 et
915 2234 1064 2278 spectati
1091 2239 1196 2274 sunt,
1231 2234 1437 2278 peregrinos
1463 2234 1621 2280 hospitio
1649 2234 1746 2267 exci-

302 2286 410 2329 piunt
437 2289 474 2316 et
498 2283 632 2316 fovent.
689 2287 772 2315 ante
797 2280 916 2313 omnia
953 2280 1058 2313 fidem
1085 2286 1122 2313 et
1154 2280 1440 2314 benevolentiam
1467 2292 1548 2325 erga
1573 2281 1679 2314 deum
1705 2285 1742 2314 et

304 2331 492 2375 imperium
518 2330 734 2370 Romanum,
759 2328 804 2361 ab
846 2327 942 2360 omni
967 2327 1053 2360 iude
1087 2333 1247 2372 tempore
1270 2328 1444 2371 integram
1468 2334 1652 2369 servatam,
1676 2327 1746 2360 ho-

305 2377 438 2422 dieque
462 2382 680 2410 conservant.
740 2379 887 2421 propter
910 2373 999 2406 llaec
1035 2380 1135 2408 tanta
1164 2381 1372 2408 ornamenta
1399 2380 1436 2408 et
1455 2376 1603 2409 virtutes
1629 2380 1665 2408 et
1686 2375 1745 2408 in-

303 2425 440 2468 signem
464 2434 543 2466 erga
560 2424 792 2469 imperatores
816 2420 922 2454 fidem
947 2426 983 2454 et
1007 2421 1163 2454 studium
1188 2420 1335 2455 diversis
1362 2422 1581 2467 temporibus
1606 2421 1744 2455 diverse

303 2471 348 2503 ab
375 2470 648 2516 imperatoribus
677 2469 842 2503 honorati
871 2473 954 2501 sunt
972 2473 1009 2501 et
1027 2469 1211 2501 ecclesiam
1240 2470 1374 2511 magnis
1397 2469 1580 2502 beneficiis
1605 2474 1747 2501 auctam-

303 2517 517 2551 habuerunt.
566 2530 606 2551 ac
631 2518 783 2562 primum
807 2514 971 2561 quidem,
1003 2526 1111 2560 quum
1137 2515 1261 2549 nobile
1295 2516 1390 2549 illud
1421 2521 1459 2550 et
1490 2527 1597 2561 super
1631 2515 1746 2549 nubes

305 2565 437 2598 elatum
458 2564 633 2610 oppidum
659 2565 903 2609 episcopatum
928 2561 1079 2595 haberet
1103 2563 1276 2596 Corintho
1302 2563 1493 2608 metropoli
1518 2562 1744 2604 subiectum,

303 2618 452 2657 propter
477 2622 546 2653 eas,
571 2623 659 2656 quas
680 2609 1028 2644 commemoravimus
1051 2609 1178 2642 civium
1202 2610 1351 2644 virtutes
1375 2610 1546 2655 urbisque
1562 2608 1743 2643 commoda

304 2664 469 2691 aeternae
494 2659 682 2691 memoriae
704 2659 899 2703 imperator
922 2662 958 2690 et
986 2662 1118 2699 martyr
1133 2656 1342 2698 Mauricius,
1372 2662 1607 2700 cognomento
1631 2655 1745 2690 Tibe-

306 2705 404 2745 rius,
438 2705 559 2738 urbem
592 2705 803 2750 metropolis
839 2703 1012 2747 dignitate
1050 2703 1241 2736 illustravit
1268 2710 1305 2737 et
1342 2704 1556 2737 tricesimum
1578 2709 1743 2748 quartum

304 2751 472 2786 thronum
505 2753 539 2785 ei
567 2753 772 2794 constituit,
806 2751 949 2797 aliaque
972 2750 1146 2784 beneficia
1180 2756 1215 2785 et
1250 2751 1483 2785 immunitatis
1509 2750 1603 2785 dona
1626 2749 1743 2784 eidem

1792 2634 1806 2988 μὼηπηιῑεεεῃηῃαζι
1800 2592 1806 2620 -.
1802 2564 1806 2583 ..
1803 2530 1806 2531 ,
1801 2479 1803 2483 Α
1802 2440 1805 2450 ,Α
