1806 3190
156 146 238 212 'DE
262 167 747 211 THESSALONJCENsi
786 167 1005 210 Excmlo
1024 168 1322 210 NARRATio.
1373 152 1480 227 527

38 273 184 324 μέλει,
216 271 288 324 τῆς
328 270 496 318 ἐλπίδος
536 269 685 325 σαφῶς
729 266 1044 322 διημαρτηκόσι.
1097 264 1238 309 -πιέντα
1277 266 1353 323 γάρ
1397 265 1484 312 ἅνω

39 336 113 379 καί
140 333 250 377 κάτω
274 333 484 390 γεγόνασι,
524 333 569 376 τό
614 338 692 376 τοῦ
732 332 870 388 λόγου.
936 334 1008 374 καὶ
1038 333 1060 387 ἢ
1089 332 1207 382 πόλις
1246 331 1387 390 ὥσπερ
1421 351 1484 384 τις

38 403 143 450 ναῦς
191 403 236 443 ὲν
284 400 455 455 πελάγει
503 402 803 454 περισχεθεῖσα
845 400 980 440 κακῶν
1027 403 1323 455 περιφέρεται,
1365 402 1484 458 δίκην

39 468 205 520 α’νέμων
244 470 326 509 τῶν
377 468 467 508 καθ’
519 464 696 520 ἑκάστην
730 469 860 508 εἰπεῖν
898 462 1214 517 συμπιπτόντων
1257 467 1483 521 ταραττόν-

1 536 122 579 5των
163 530 298 587 αὐτὴν
346 534 419 575 καί
465 534 638 580 ναυτίας
683 533 833 587 πολλῆς
885 532 958 573 καί
993 531 1150 585 ἰλίγγου
1192 532 1482 587 πληρούντων,

37 602 111 642 καί
151 602 344 653 καθαρᾶς
391 594 535 647 εὖὸιάς
586 598 801 651 ἐπιτυχεῖν
857 593 1008 639 οὔκουν
1057 595 1246 651 ἐώντων,
1300 599 1401 641 ου’δὲ
1439 597 1485 642 τὸ

35 666 111 719 τῆς
145 664 310 719 εἰρήνης
339 664 411 706 καί
435 665 627 718 νηνεμίας
658 661 792 706 ἱστίον
834 661 1076 705 πετασασαν
1105 663 1210 718 πρὸς
1236 667 1382 717 λιμένα
1412 681 1485 706 κα-

38 733 120 773 λῶν
159 733 394 786 ἐφθακέναι
433 731 587 783 στῆναί
613 745 657 771 τε
696 731 758 772 ἐπ’
787 730 978 784 α’γκυρῶν
1020 730 1256 784 α’σφαλειάς
1295 732 1369 772 καί
1410 733 1485 784 με’-

39 813 126 840 νειν
153 793 402 839 ἆσάλευτον.
473 797 577 837 θεοῦ
607 796 654 837 δὲ
679 789 763 851 ἄρα
794 797 915 837 τοῦτο
953 790 1005 836 ἂν
1037 794 1102 849 εἴη
1131 796 1201 838 καί
1229 798 1300 851 τῆς
1329 797 1485 838 ἐκείνου

2 863 188 919 οσαφῶς
215 863 540 917 πηδαλιουχιάς,
582 863 871 917 καταπραῧναι
900 863 977 914 μὲν
1002 860 1054 902 τοὶ
1087 863 1169 903 ταῖν
1198 863 1488 916 ἐπερχομένων

39 927 337 984 κορυφούμενα
363 928 542 981 κύματα,
573 930 721 970 ἰθῦναι
751 929 796 970 δὲ
826 926 928 982 πρὸς
956 927 1148 983 γαλήνην,
1179 928 1253 970 καί
1275 931 1488 984 σωτηρίαν

39 997 318 1050 χαρίσασθαι,
346 995 418 1035 καί
447 995 591 1035 δοῦναι
622 994 817 1047 πρύμναν
853 991 1118 1049 κρούσασθαι
1146 998 1221 1035 τοῦ
1244 997 1389 1036 λοιποῦ
1417 996 1490 1035 καί

39 1062 216 1103 πλεῦσαι
245 1060 469 1115 δεύτερον,
501 1055 524 1100 ὅ
554 1076 676 1116 φασι,
709 1060 863 1111 πλοῦν,
892 1062 1268 1114 μεταβεβλημένων
1295 1057 1486 1102 ἁπάντων

41 1127 112 1168 ε’πί
137 1125 183 1168 τὸ
213 1129 378 1179 βέλτιον
415 1128 488 1168 καί
524 1123 548 1166 ὃ
590 1129 775 1168 συνοίσει
803 1128 855 1183 τῇ
881 1125 1025 1179 πόλει,
1063 1125 1386 1179 μεσιτεύσαντος
1412 1127 1489 1168 τοῦ

5 1193 263 1248 ὅῆμεὸαποῦ
290 1193 574 1246 τροπαιοῦχον
604 1192 677 1234 καί
702 1190 943 1247 μάρτυρος,
973 1193 1047 1234 καί
1071 1194 1154 1234 τῶν
1184 1194 1259 1246 τῆς
1290 1192 1488 1247 πατρίδος

40 1259 194 1300 οἰάκων
237 1254 366 1307 αὖθις
412 1259 542 1300 εἰπεῖν
583 1259 913 1311 ἐπιλαβομένου,
943 1259 1016 1300 καί
1051 1256 1156 1312 πρὸς
1183 1258 1257 1312 τὴν
1285 1257 1488 1311 τοσαύτην

39 1327 124 1366 τῶν
168 1325 400 1379 συμφορῶν
442 1323 662 1365 θάλασσαν
702 1326 754 1380 τῇ
793 1321 948 1366 ἑαυτοῦ
985 1327 1256 1381 χρησαμένου
1299 1323 1487 1377 δυνάμει.

39 1393 200 1444 γένοιτο
249 1391 294 1430 δὲ
322 1388 380 1445 μή
407 1390 484 1430 ου’κ
513 1392 573 1438 εἰς
599 1387 790 1443 μακράν,
822 1389 917 1448 ἱλέῳ
946 1393 1021 1431 τοῦ
1047 1393 1153 1431 θεοῦ
1183 1392 1489 1443 ἐπιβλέψαντος
1502 1407 1562 1451 37.

40 1450 214 1509 ὄμματι,
242 1456 315 1497 καί
335 1458 824 1511 φιλανθρωπευσαμένου
843 1454 1038 1511 συνήθως
1064 1458 1131 1513 ἐφ’
1161 1452 1223 1505 οἷς
1251 1455 1381 1498 αὐτὸν
1408 1472 1489 1498 πα-

41 1523 301 1577 ροργίζομεν.

151 1585 229 1640 κβ.
253 1623 255 1625 .
292 1588 435 1629 Ταῦτα
463 1588 506 1636 ἐς
535 1589 661 1641 δεῦρο
689 1586 1072 1643 παρηκολούθηκεν,
1102 1590 1141 1631 εἰ
1169 1589 1244 1630 καί
1270 1604 1362 1631 τινα
1392 1589 1488 1630 τού-

42 1669 125 1694 των
157 1653 273 1707 ἡμεῖς
303 1651 466 1703 ἑκόντες
495 1653 566 1695 διὰ
594 1652 663 1696 τὸν
694 1653 838 1707 καιρὸν
874 1657 946 1696 καί
974 1652 1050 1709 τήν
1079 1654 1284 1709 ἡμετέραν
1314 1656 1415 1709 περὶ
1439 1655 1485 1696 τό

42 1722 175 1774 λέγειν
225 1719 450 1761 ἀσθένειαν
489 1725 739 1774 παραλιπεῖν
777 1721 872 1762 δέον
910 1723 1168 1775 κεκρίκαμεν.
1232 1720 1488 1776 κάπειδήπερ

45 1857 268 1901 longioribus
294 1858 364 1890 oris
390 1858 486 1890 illius
514 1858 710 1904 potiundae
737 1858 917 1893 desiderio
956 1859 1197 1901 exardebant,
1231 1870 1290 1893 eos
1317 1860 1370 1893 sui
1396 1860 1493 1893 desi-

45 1905 150 1945 derii,
177 1904 240 1938 sed
264 1915 328 1937 nos
366 1915 512 1949 quoque
543 1906 580 1938 in
607 1916 684 1939 eam
718 1906 905 1940 reditionis
931 1907 1102 1950 paenitet,
1129 1918 1206 1939 cum
1229 1919 1308 1952 spes
1334 1908 1493 1940 melioris

44 1958 156 1986 status
182 1952 326 1996 penitus
356 1951 499 1985 sublata
526 1953 584 1985 sit.
647 1964 778 1998 susque
813 1953 930 1999 deque
957 1955 1050 1986 enim
1075 1955 1194 1986 omnin
1221 1955 1314 1987 sacta
1339 1960 1430 1995 sunt,
1454 1961 1495 1988 ut

43 1999 231 2046 proverbio
258 1999 529 2042 circumfertur3
557 2004 594 2031 et
618 1999 724 2041 urbs,
746 2000 859 2033 veluti
890 2001 988 2034 navis
1014 2002 1088 2034 alto
1116 2003 1288 2034 malornm
1314 2002 1401 2034 mari
1428 2013 1493 2046 op-

44 2057 188 2092 pressa,
226 2045 494 2090 circumagitur:
537 2052 724 2079 ventorum
766 2048 860 2080 enim
901 2048 1033 2088 instar,
1075 2059 1166 2093 quae
1191 2049 1339 2092 singulis
1366 2048 1494 2081 diebus

45 2098 248 2133 occurrunt,
271 2103 348 2125 eam
373 2093 617 2126 interturbant
642 2098 679 2126 et.
703 2105 834 2126 nausea
860 2094 1108 2139 vertigineque
1133 2096 1325 2139 complent,
1351 2101 1388 2128 et
1410 2107 1493 2128 vera

44 2140 155 2185 potiri
176 2139 299 2184 quiete
324 2151 398 2172 non
423 2140 648 2184 permittunt,
674 2141 753 2173 vela
782 2141 867 2174 licet
890 2143 985 2187 pacis
1007 2148 1042 2175 et
1063 2142 1337 2187 tranquillitatis
1361 2153 1494 2186 expan-

45 2186 151 2227 derit,
178 2192 219 2219 ut
242 2186 287 2218 ad
313 2191 452 2231 portum
486 2187 664 2220 bonorum
703 2188 882 2231 appellat,
919 2194 955 2221 et
987 2200 1191 2221 ancorarum
1218 2189 1407 2223 securitate
1435 2190 1494 2221 {ir-

45 2238 171 2273 metur,
196 2240 408 2279 maneatque
433 2234 653 2267 inconcussa.
705 2234 761 2266 dei
790 2236 894 2278 igitur
913 2236 1031 2275 suerit,
1058 2241 1094 2267 et
1115 2235 1213 2267 illius
1233 2236 1338 2280 plane
1364 2235 1493 2279 guber-

44 2280 223 2319 nationis,
250 2291 362 2313 rerum
392 2280 659 2313 advenientium
687 2282 841 2314 tumidos
870 2282 997 2315 ssuctus
1027 2282 1170 2322 sedare,
1213 2283 1257 2314 ad
1282 2283 1492 2328 tranquilli-

46 2333 155 2361 tatem
179 2326 341 2370 dirigere,
369 2328 518 2359 salutem
535 2327 686 2370 elargiri,
712 2329 978 2374 concedet-eque
1006 2335 1043 2361 ut
1072 2329 1108 2361 in
1137 2335 1315 2372 posterum
1343 2331 1491 2374 puppim

46 2373 266 2407 inhibeamus
294 2380 330 2406 et
353 2374 507 2407 secunda
532 2375 770 2417 navigatione,
801 2376 897 2421 quod
924 2376 1066 2415 dicitur,
1096 2381 1249 2416 utamur,
1265 2377 1428 2408 omnibus
1455 2377 1492 2408 in

46 2421 175 2454 melius
193 2421 396 2460 immutatis,
420 2426 469 2461 ut,
489 2420 669 2466 quidquid
689 2423 807 2462 fuerit,
826 2423 958 2455 civitati
985 2422 1172 2459 conducat,
1196 2422 1425 2467 deprecatore
1454 2434 1492 2454 se

45 2479 112 2514 pro
137 2467 239 2500 nobis
266 2468 461 2511 praebente
498 2475 619 2501 nostro
648 2470 821 2514 tropaeali
850 2475 886 2502 et
921 2475 1094 2512 martyre,
1131 2481 1320 2515 rursusque
1355 2469 1491 2514 patriae

47 2514 286 2559 gubernacula
306 2515 533 2558 suscipiente,
559 2522 595 2548 et.
620 2515 786 2549 adversus
811 2522 865 2550 tot,
888 2517 1128 2548 calamitatum
1159 2517 1364 2549 immodicos
1391 2528 1494 2549 mon-

49 2566 103 2595 tes
129 2571 228 2594 suam
253 2561 450 2605 potentiam
469 2569 680 2607 usurpante3
706 2574 824 2608 neque
852 2563 911 2595 diu
932 2563 1063 2595 bonum
1083 2562 1284 2602 differatur,
1312 2563 1379 2596 deo
1408 2575 1492 2608 pro—

49 2608 139 2653 pitio
166 2608 271 2640 oculo
303 2609 544 2651 inspectante,
582 2615 619 2642 et
654 2622 717 2643 suo
749 2622 847 2642 more
875 2609 1083 2650 nobiscnm,
1110 2611 1171 2655 qui
1207 2611 1243 2642 in
1274 2621 1353 2643 eum
1379 2609 1496 2643 delin-

51 2656 212 2700 quimus,
242 2653 448 2687 humaniter
474 2661 612 2698 agente.

144 2711 200 2733 αα.
252 2701 294 2733 Et
333 2701 420 2733 haec
445 2700 628 2747 hucusque
659 2714 878 2748 processere:
916 2702 1003 2735 licet
1035 2713 1099 2735 nos
1142 2713 1185 2734 ex
1224 2702 1296 2736 illis
1319 2701 1494 2748 quaedam

53 2753 192 2793 sponte,
219 2753 379 2792 tempore
407 2747 442 2779 id
474 2755 641 2792 poscente
667 2756 703 2783 et
727 2755 846 2782 nostra
882 2748 1026 2783 dicendi
1055 2748 1322 2791 imbecillitate,
1348 2750 1493 2784 silentio
