1806 3190
312 143 425 219 378
730 162 963 203 osone-11
1004 160 1326 203 mmmmm

310 261 374 315 δέ,
404 261 527 317 φησί,
556 261 812 312 τούναντίον,
844 255 910 301 ὅτι
938 258 1260 314 ἐπιμελούμενος
1289 259 1311 302 ὅ
1341 258 1474 316 πατὴρ
1503 262 1578 303 τοῦ
1605 261 1759 310 παιδός

308 325 500 368 παιδεύει
531 325 665 379 av’w',
703 325 868 380 α’γάπης
907 326 1244 381 ἐνυπαρχούσης.
1311 326 1385 369 καί
1420 327 1519 383 περὶ
1556 328 1635 381 μὲν
1674 329 1760 370 τῶν

303 393 508 448 Ἑβραίων
536 393 704 445 α’ληθῶς
731 387 868 433 εἶπεν·
923 389 961 433 οἱ
1001 390 1082 447 γάρ
1110 391 1295 448 Ἑβραῖοι
1322 393 1426 435 κατὰ
1458 392 1633 447 καιρούς
1660 390 1759 435 ἔλα-

308 463 384 513 βον
413 456 540 512 ὀργήν
565 455 649 497 dm}
681 460 808 510 θεοῦ,
852 458 943 500 ἀλλ’
983 459 1057 499 οὐκ
1089 458 1326 514 ἀσυμπαθῆ
1341 475 1351 487 ·
1433 456 1545 512 εἶχον
1574 460 1648 502 καί
1674 457 1757 514 γάρ

309 523 531 579 προφήτας
561 524 615 563 δι’
649 518 746 564 ὅλου
773 525 848 565 τοῦ
876 525 1030 578 καιροῦ
1058 527 1132 566 καί
1169 525 1376 579 ἁγιασμόν
1400 526 1472 566 καί
1498 523 1797 581 ἱερωσύνην,5

309 587 580 638 παιδεύοντος
611 590 688 641 μὲν
715 589 873 639 αύτούς
894 593 968 632 τοῦ
994 591 1096 631 θεοῦ
1117 593 1380 644 σωματικαῖς,
1411 592 1604 645 ψυχικῶς
1630 592 1678 633 δὲ
1705 586 1756 632 ού

309 654 674 708 κατελιμπάνοντο.
716 655 823 708 μετὰ
853 658 900 699 δὲ
928 655 1001 698 τὸν
1020 659 1096 699 τοῦ
1114 660 1262 713 κυρίου
1291 656 1477 714 σταυρὸν
1503 660 1576 700 καί
1599 657 1646 700 τὸ
1678 655 1760 700 πά-

309 726 385 771 θος
417 723 575 775 ἐγένετο
597 720 802 775 παντελής
829 724 889 772 εἰς
922 722 1080 772 αὐτούς
1117 722 1409 778 ἐγκατάλειψις
1439 725 1592 779 ψυχῶν
1620 739 1663 766 τε
1689 722 1763 766 καὶ

309 786 534 841 σωμάτων,
565 788 624 836 εἰς
653 784 813 838 αύτούς
845 791 950 844 λέγω
979 788 1076 837 τούς
1105 789 1325 840 αὐθάδεις.
1560 832 1562 834 ,

420 855 459 896 7.
512 854 602 895 'Em'
635 851 681 894 τὸ
721 855 991 908 προκείμενον
1019 851 1095 896 οὖν
1136 857 1434 909 ἐπανέλθωμεν
1460 858 1532 911 τῆς
1556 855 1806 911 ἧμετὲραςιι

313 917 542 975 διηγήσεως
573 935 619 961 τε
660 922 733 962 καί
761 919 962 975 ἱστορίας.
1031 923 1088 979 τῷ
1114 923 1233 977 θέρει
1263 925 1340 965 τοῦ
1369 920 1500 982 ,ςῧξβ
1533 921 1652 972 ἔτους
1680 917 1760 976 ἤρ-

314 991 412 1038 ξατο
439 985 668 1042 φαίνεσθαι
689 986 870 1042 κομήτης
897 989 942 1029 ἐκ
961 989 1045 1029 τῶν
1076 989 1254 1030 «furandae
1274 991 1416 1043 μερῶν
1432 989 1509 1032 τοῦ
1538 989 1612 1044 ἀφ’
1641 984 1763 1030 ἑσπέ-

314 1069 392 1108 ρας
418 1051 624 1107 ὃριζοντος
653 1050 840 1107 ἑκάστης,
870 1053 1004 1102 εὐθύς
1024 1051 1133 1105 μετὰ
1151 1054 1274 1096 δύσιν
1295 1054 1431 1109 ἡλίου,
1460 1055 1654 1112 ῥομφαίᾳ
1680 1053 1766 1096 τινί

275 1117 484 1170 Βὲοικώς,
528 1120 600 1160 καί
637 1119 690 1175 τῇ
719 1118 868 1176 σελήνῃ
909 1118 1146 1174 πλησιάσας
1183 1119 1422 1179 πανσελήνῳ
1448 1118 1550 1178 οὔσῃ
1579 1117 1767 1172 ἔκλειψις

311 1183 420 1226 κατὰ
449 1185 580 1239 τύχην
607 1186 748 1238 γέγονε
776 1183 884 1226 κατά
910 1185 986 1240 τήν
1014 1185 1133 1237 τάξιν
1161 1188 1234 1227 καί
1258 1184 1408 1229 κύκλον
1433 1189 1516 1229 τῶν
1557 1186 1765 1240 οὐρανίων
1783 1201 1796 1228 ι

312 1248 561 1307 φωστήρων,
591 1249 649 1298 ὦς
678 1248 788 1299 ἔθος.
843 1253 953 1299 τινὲς
982 1252 1028 1292 δὲ
1057 1250 1131 1293 τὸν
1155 1250 1337 1307 κομήτην
1365 1253 1559 1308 ξιφοειδῆ
1587 1251 1766 1306 ὅροὸντες

315 1317 388 1359 καί
418 1319 462 1357 ὲκ
495 1318 578 1358 τῶν
604 1313 808 1370 ἑσπερίων
836 1316 1078 1370 κινούμενον
1121 1317 1194 1359 καί
1221 1318 1326 1372 πρὸς
1355 1317 1564 1367 α’νατολάς
1592 1317 1665 1372 τὴν
1692 1332 1768 1358 πο-

312 1384 429 1439 ρείαν
459 1384 654 1424 ποιοῦντα
672 1384 745 1424 καί
773 1385 825 1440 τῇ
845 1379 992 1441 σελήνῃ
1018 1384 1320 1438 πλησιάσαντα,
1353 1387 1423 1426 καί
1441 1382 1485 1427 τό
1519 1385 1663 1434 σκότος
1691 1386 1768 1438 τῆς

312 1450 539 1502 ἐκλείψεως
565 1446 735 1499 ἰδόντες,
763 1450 956 1501 ἐνόμιζον
987 1445 1048 1491 ὅτι
1076 1449 1100 1490 ὅ
1131 1449 1314 1505 κομήτης
1346 1449 1367 1491 ὅ
1397 1448 1612 1506 ξιφοειὸής
1640 1450 1713 1491 καὶ
1741 1445 1767 1503 ἧ

312 1513 512 1563 σκότωσις
532 1517 604 1569 τῆς
619 1516 793 1570 σελήνης
812 1511 945 1564 οὕτως
964 1516 1094 1571 δηλοῖ,
1107 1512 1172 1558 ὅτι
1189 1518 1416 1567 μέλλουσιν
1434 1513 1709 1572 ὃμοφωνῆσαι
1727 1512 1767 1557 οἱ
1780 1529 1804 1556 2

313 1584 398 1622 τῶν
419 1578 625 1637 ἑσπερίων
647 1581 846 1630 αὕθέντες
865 1580 1121 1636 Χριστιανοὶ
1142 1583 1283 1624 ἐλθεῖν
1310 1582 1416 1624 κατά
1450 1584 1532 1626 τῶν
1557 1581 1766 1636 Τούρκων,

314 1649 386 1688 καί
401 1642 556 1695 αύτούς
576 1644 828 1701 νικήσουσιν.
858 1645 897 1688 οἱ
922 1648 1102 1701 Τοῦρκοι
1122 1650 1168 1689 δὲ
1184 1651 1442 1704 θεωροῦντες
1469 1650 1543 1690 καί
1565 1647 1693 1689 αὐτοὶ
1707 1648 1770 1696 εἰς

317 1712 452 1770 φόβον
479 1712 554 1754 οὐκ
582 1713 718 1767 ὀλίγον
737 1711 810 1756 καί
828 1711 1054 1768 λογισμούς
1082 1716 1292 1756 ἐνέπεσον.
1323 1713 1431 1757 α’λλά
1452 1713 1526 1757 καὶ
1552 1711 1597 1756 αἶ
1625 1712 1770 1763 νύκτες

318 1893 459 1927 venisse
483 1903 521 1925 se
547 1892 729 1926 miraculis
761 1892 877 1937 legem
903 1892 1150 1926 constitutum.
1225 1892 1315 1936 quin
1340 1892 1447 1926 etiam
1469 1902 1556 1932 nos,
1585 1890 1683 1937 quod
1707 1901 1770 1924 ca-

319 1941 510 1985 stigemur,
547 1945 700 1973 accusat.
753 1939 944 1985 equidem,
967 1940 1040 1981 ait,
1081 1945 1205 1973 contra
1229 1939 1324 1982 dico,
1347 1945 1485 1985 patrem
1511 1939 1636 1980 filium,
1661 1949 1769 1984 quem

319 1999 424 2021 curae
451 1987 583 2028 habet,
609 1987 782 2030 castigare
798 2012 808 2027 ‚
842 1998 961 2020 amore
995 1993 1224 2020 commotum.
1288 1998 1330 2020 ac
1356 1985 1401 2019 de
1421 1985 1596 2020 Hebraeis
1622 1985 1769 2031 quidem

320 2041 416 2068 recte
445 2034 545 2067 dicit.
593 2033 749 2066 Hebraei
776 2034 872 2067 enim
898 2045 1158 2080 nonnunquam
1176 2034 1265 2067 iram
1283 2032 1343 2067 dei
1369 2033 1507 2079 experti
1531 2037 1624 2073 sunt,
1648 2044 1771 2078 neque

318 2088 438 2117 tamen
463 2081 563 2115 illam
602 2080 930 2115 immisericordem.
995 2081 1182 2116 habebant
1213 2081 1309 2115 enim
1344 2085 1522 2126 perpetuo
1554 2079 1770 2126 prophetas,

319 2141 416 2164 sacra
442 2134 480 2162 et
502 2127 724 2169 sacerdotia,
750 2139 900 2174 corpore
934 2140 955 2161 a
990 2128 1058 2163 deo
1098 2130 1280 2174 castigati,
1313 2127 1376 2161 sed
1405 2129 1523 2160 anima
1550 2138 1626 2161 non
1657 2127 1769 2160 desti-

321 2177 403 2211 tuti.
451 2180 534 2221 post
558 2175 689 2209 Christi
711 2180 831 2209 autem
867 2175 1085 2221 supplicium
1109 2182 1147 2210 et
1170 2175 1438 2221 perpessionem
1463 2179 1585 2208 secuta
1609 2180 1664 2208 est
1686 2185 1771 2219 per-

320 2225 416 2258 fecta
443 2234 578 2263 eorum,
603 2223 628 2255 i.
655 2234 684 2255 e.
714 2224 989 2265 contumacium,
1018 2223 1207 2258 destitutio
1234 2229 1308 2257 tum
1332 2222 1489 2268 corporis
1517 2228 1592 2255 tum
1616 2222 1772 2255 animae.

418 2282 450 2315 7.
507 2269 708 2304 Redeamus
737 2270 808 2303 iam
846 2270 893 2304 ad
918 2281 993 2311 res,
1031 2272 1071 2305 in
1105 2270 1237 2316 quibus
1274 2281 1370 2304 nunc
1394 2270 1547 2302 maxime
1567 2280 1774 2310 versamur,

322 2316 555 2352 enarrandas.
579 2322 716 2351 aestate.
740 2317 826 2351 anni
851 2318 944 2360 6962
967 2319 1006 2351 in
1029 2324 1129 2364 parte
1149 2317 1364 2352 occidentali
1382 2316 1583 2350 horizontis
1609 2315 1775 2362 quotidie

322 2366 443 2400 statim
468 2371 551 2410 post
575 2376 737 2398 occasum
757 2366 844 2398 solis
870 2371 1027 2399 cometes
1045 2365 1258 2411 romphaeae
1283 2365 1413 2398 similis
1436 2375 1608 2410 apparere
1633 2363 1776 2409 coepit;

323 2413 386 2459 qui
413 2424 526 2459 quum
552 2423 666 2458 prope
690 2412 811 2445 lunam
835 2418 940 2454 esset,
963 2413 1075 2457 pleno
1099 2413 1237 2446 lumine
1262 2411 1529 2457 splendentem,
1554 2411 1708 2452 accidit,
1731 2416 1775 2444 ut
1805 2413 1806 2419 ¹

323 2460 481 2494 desectio
507 2460 615 2493 lunae
632 2460 747 2499 fieret,
767 2459 962 2493 secundum
979 2460 1123 2494 ordines
1149 2466 1186 2494 et
1209 2461 1396 2493 circuitum
1421 2470 1538 2492 rerum
1554 2458 1778 2500 coelestium,

325 2513 366 2541 ut
394 2507 487 2540 solet
511 2507 602 2540 fieri.
652 2506 796 2552 quidam
825 2518 935 2552 quum
973 2514 1136 2541 cometen
1161 2506 1281 2552 gladio
1310 2507 1463 2540 similem
1490 2517 1510 2540 e
1534 2506 1680 2550 regione
1711 2516 1775 2538 oc-

325 2554 501 2588 cidentali
528 2554 703 2587 orientem
726 2566 848 2588 versus
883 2554 1078 2599 procedere
1105 2561 1141 2588 et
1162 2556 1271 2587 lunae
1297 2553 1588 2600 appropinquare
1611 2552 1777 2586 viderent

324 2601 575 2646 sentiremque
596 2601 764 2635 tenebras
788 2601 1013 2642 defectionis,
1038 2602 1314 2642 existimabant,
1341 2607 1505 2634 cometen
1527 2600 1625 2633 hunc
1647 2605 1685 2633 et
1708 2598 1776 2633 ob-

325 2654 500 2682 scuratam
532 2650 655 2682 lunam
686 2649 906 2693 significare,
945 2648 1188 2682 occidentales
1212 2649 1394 2694 principes
1418 2647 1660 2688 Christianos,
1685 2657 1774 2680 con-

326 2696 523 2741 spiratione
547 2695 654 2736 facta,
683 2696 851 2730 adversus
874 2697 1008 2730 Turcas
1044 2698 1268 2741 profecturos
1294 2707 1428 2742 eosque
1453 2694 1657 2729 devicturus
1683 2704 1774 2727 esse.

326 2749 436 2789 atque
450 2744 587 2778 'furcae
616 2744 698 2790 ipsi,
719 2744 787 2778 ista
813 2753 923 2789 quum
948 2743 1123 2787 viderent,
1147 2745 1183 2778 in
1211 2744 1374 2778 timorem
1405 2742 1503 2776 haud
1531 2742 1646 2776 levem
1672 2740 1773 2775 solli-
