<?xml version="1.0" encoding="UTF-8"?>
<!DOCTYPE html PUBLIC "-//W3C//DTD XHTML 1.0 Transitional//EN"
    "http://www.w3.org/TR/xhtml1/DTD/xhtml1-transitional.dtd">
<html xmlns="http://www.w3.org/1999/xhtml" xml:lang="en" lang="en">
 <head>
  <title>
</title>
<meta http-equiv="Content-Type" content="text/html;charset=utf-8" />
  <meta name='ocr-system' content='tesseract 3.04.00' />
  <meta name='ocr-capabilities' content='ocr_page ocr_carea ocr_par ocr_line ocrx_word'/>
</head>
<body>
  <div class='ocr_page' id='page_1' title='image "./corpusscriptorum19niebuoft_0362.png"; bbox 0 0 1806 3190; ppageno 0'>
   <div class='ocr_carea' id='block_1_1' title="bbox 297 148 1302 206">
    <p class='ocr_par' dir='ltr' id='par_1_1' title="bbox 297 148 1302 206">
     <span class='ocr_line' id='line_1_1' title="bbox 297 148 1302 206; baseline 0 -1"><span class='ocrx_word' id='word_1_1' title='bbox 297 148 409 205; x_wconf 83' lang='lat'><strong>350</strong></span> <span class='ocrx_word' id='word_1_2' title='bbox 714 163 942 206; x_wconf 62' lang='lat' dir='ltr'><strong>Gizoncn</strong></span> <span class='ocrx_word' id='word_1_3' title='bbox 984 162 1302 205; x_wconf 69' lang='lat' dir='ltr'><strong>mmAN&#39;rzAE</strong></span> 
     </span>
    </p>
   </div>
   <div class='ocr_carea' id='block_1_2' title="bbox 287 259 1736 518">
    <p class='ocr_par' dir='ltr' id='par_1_2' title="bbox 287 259 1736 518">
     <span class='ocr_line' id='line_1_2' title="bbox 287 259 1736 322; baseline -0.002 -15"><span class='ocrx_word' id='word_1_4' title='bbox 287 266 408 322; x_wconf 79' lang='grc' dir='ltr'><strong><em>γειάς</em></strong></span> <span class='ocrx_word' id='word_1_5' title='bbox 433 261 700 317; x_wconf 79' lang='grc' dir='ltr'><strong><em>ἐμπεσόντας.</em></strong></span> <span class='ocrx_word' id='word_1_6' title='bbox 755 260 848 303; x_wconf 84' lang='grc' dir='ltr'><strong><em>τότε</em></strong></span> <span class='ocrx_word' id='word_1_7' title='bbox 873 264 983 316; x_wconf 78' lang='grc' dir='ltr'><strong><em>λέγει</em></strong></span> <span class='ocrx_word' id='word_1_8' title='bbox 1008 262 1031 304; x_wconf 80' lang='grc' dir='ltr'>ὅ</span> <span class='ocrx_word' id='word_1_9' title='bbox 1062 262 1162 312; x_wconf 78' lang='grc' dir='ltr'><strong><em>θεὸς</em></strong></span> <span class='ocrx_word' id='word_1_10' title='bbox 1192 266 1250 322; x_wconf 72' lang='grc' dir='ltr'><strong>τῷ</strong></span> <span class='ocrx_word' id='word_1_11' title='bbox 1268 264 1364 306; x_wconf 57' lang='lat' dir='ltr'><strong>Noas</strong></span> <span class='ocrx_word' id='word_1_12' title='bbox 1384 259 1474 307; x_wconf 63' lang='lat' dir='ltr'><strong>“gn</strong></span> <span class='ocrx_word' id='word_1_13' title='bbox 1502 281 1550 308; x_wconf 81' lang='grc' dir='ltr'><strong>σε</strong></span> <span class='ocrx_word' id='word_1_14' title='bbox 1579 260 1736 322; x_wconf 63' lang='grc' dir='ltr'><strong><em>ειῖρηκα</em></strong></span> 
     </span>
     <span class='ocr_line' id='line_1_3' title="bbox 295 325 1735 384; baseline -0.001 -10"><span class='ocrx_word' id='word_1_15' title='bbox 295 334 454 374; x_wconf 72' lang='grc' dir='ltr'><strong>δίκαιον</strong></span> <span class='ocrx_word' id='word_1_16' title='bbox 481 331 525 371; x_wconf 80' lang='grc' dir='ltr'><strong>ἐν</strong></span> <span class='ocrx_word' id='word_1_17' title='bbox 543 325 671 383; x_wconf 80' lang='grc' dir='ltr'><strong><em>ταύτῃ</em></strong></span> <span class='ocrx_word' id='word_1_18' title='bbox 699 329 750 383; x_wconf 86' lang='grc' dir='ltr'><strong>τῇ</strong></span> <span class='ocrx_word' id='word_1_19' title='bbox 767 331 899 383; x_wconf 76' lang='grc' dir='ltr'><strong><em>γενεᾷ,</em></strong></span> <span class='ocrx_word' id='word_1_20' title='bbox 919 331 1090 383; x_wconf 84' lang='grc' dir='ltr'><strong><em>ποίησον</em></strong></span> <span class='ocrx_word' id='word_1_21' title='bbox 1103 329 1279 382; x_wconf 81' lang='grc' dir='ltr'><strong><em>κιβωτὸν</em></strong></span> <span class='ocrx_word' id='word_1_22' title='bbox 1298 328 1404 384; x_wconf 81' lang='grc' dir='ltr'><strong><em>μετὰ</em></strong></span> <span class='ocrx_word' id='word_1_23' title='bbox 1420 329 1553 380; x_wconf 81' lang='grc' dir='ltr'><strong><em>ξύλων</em></strong></span> <span class='ocrx_word' id='word_1_24' title='bbox 1569 330 1735 374; x_wconf 69' lang='grc' dir='ltr'><strong>τοιάνδε</strong></span> 
     </span>
     <span class='ocr_line' id='line_1_4' title="bbox 293 391 1736 452; baseline -0.001 -13"><span class='ocrx_word' id='word_1_25' title='bbox 293 398 366 439; x_wconf 79' lang='grc' dir='ltr'><em>καί</em></span> <span class='ocrx_word' id='word_1_26' title='bbox 394 393 595 438; x_wconf 80' lang='grc' dir='ltr'><strong>τοιάνὸε.”</strong></span> <span class='ocrx_word' id='word_1_27' title='bbox 624 391 696 433; x_wconf 81' lang='grc' dir='ltr'><em>καί</em></span> <span class='ocrx_word' id='word_1_28' title='bbox 722 393 888 447; x_wconf 64' lang='grc' dir='ltr'><strong><em>ἐποίησε</em></strong></span> <span class='ocrx_word' id='word_1_29' title='bbox 905 397 1003 437; x_wconf 79' lang='grc' dir='ltr'><strong>Νῶε</strong></span> <span class='ocrx_word' id='word_1_30' title='bbox 1019 393 1096 449; x_wconf 75' lang='grc' dir='ltr'><strong>τὴν</strong></span> <span class='ocrx_word' id='word_1_31' title='bbox 1116 395 1291 448; x_wconf 82' lang='grc' dir='ltr'><strong><em>κιβωτόν</em></strong></span> <span class='ocrx_word' id='word_1_32' title='bbox 1322 395 1427 437; x_wconf 76' lang='grc' dir='ltr'><strong><em>κατὰ</em></strong></span> <span class='ocrx_word' id='word_1_33' title='bbox 1451 394 1494 437; x_wconf 73' lang='grc' dir='ltr'><strong>τὸ</strong></span> <span class='ocrx_word' id='word_1_34' title='bbox 1529 396 1644 452; x_wconf 80' lang='grc' dir='ltr'><strong><em>ῥῆμα</em></strong></span> <span class='ocrx_word' id='word_1_35' title='bbox 1661 413 1736 438; x_wconf 81' lang='grc' dir='ltr'><strong>κυ-</strong></span> 
     </span>
     <span class='ocr_line' id='line_1_5' title="bbox 295 458 1736 518; baseline 0.001 -15"><span class='ocrx_word' id='word_1_36' title='bbox 295 466 402 518; x_wconf 84' lang='grc' dir='ltr'><strong><em>ριόυ.</em></strong></span> <span class='ocrx_word' id='word_1_37' title='bbox 432 462 503 502; x_wconf 85' lang='grc' dir='ltr'><em>καί</em></span> <span class='ocrx_word' id='word_1_38' title='bbox 531 460 698 512; x_wconf 71' lang='grc' dir='ltr'><strong><em>εἰσῆλθε</em></strong></span> <span class='ocrx_word' id='word_1_39' title='bbox 719 461 815 501; x_wconf 75' lang='grc' dir='ltr'><strong>Νῶε</strong></span> <span class='ocrx_word' id='word_1_40' title='bbox 837 460 897 507; x_wconf 87' lang='grc' dir='ltr'><strong>εἰς</strong></span> <span class='ocrx_word' id='word_1_41' title='bbox 922 458 997 514; x_wconf 72' lang='grc' dir='ltr'><strong>τὴν</strong></span> <span class='ocrx_word' id='word_1_42' title='bbox 1025 458 1215 513; x_wconf 78' lang='grc' dir='ltr'><strong>κιβωτόν,</strong></span> <span class='ocrx_word' id='word_1_43' title='bbox 1245 463 1316 502; x_wconf 80' lang='grc' dir='ltr'>καί</span> <span class='ocrx_word' id='word_1_44' title='bbox 1344 459 1381 502; x_wconf 84' lang='grc' dir='ltr'><strong>οἱ</strong></span> <span class='ocrx_word' id='word_1_45' title='bbox 1410 467 1520 515; x_wconf 85' lang='grc' dir='ltr'><strong><em>τρεῖς</em></strong></span> <span class='ocrx_word' id='word_1_46' title='bbox 1543 461 1631 504; x_wconf 74' lang='grc' dir='ltr'><strong><em>υἱοὶ</em></strong></span> <span class='ocrx_word' id='word_1_47' title='bbox 1657 461 1736 504; x_wconf 75' lang='grc' dir='ltr'><strong>αὕ-</strong></span> 
     </span>
    </p>
   </div>
   <div class='ocr_carea' id='block_1_3' title="bbox 292 523 1772 582">
    <p class='ocr_par' dir='ltr' id='par_1_3' title="bbox 292 523 1772 582">
     <span class='ocr_line' id='line_1_6' title="bbox 292 523 1772 582; baseline 0 -12"><span class='ocrx_word' id='word_1_48' title='bbox 292 531 379 580; x_wconf 78' lang='grc' dir='ltr'><strong>τοῦ,</strong></span> <span class='ocrx_word' id='word_1_49' title='bbox 398 527 491 580; x_wconf 80' lang='grc' dir='ltr'><strong>Σὴμ</strong></span> <span class='ocrx_word' id='word_1_50' title='bbox 519 525 625 576; x_wconf 78' lang='grc' dir='ltr'><strong>Χὰμ</strong></span> <span class='ocrx_word' id='word_1_51' title='bbox 649 523 810 579; x_wconf 76' lang='grc' dir='ltr'><strong><em>Ἰάφεθ.</em></strong></span> <span class='ocrx_word' id='word_1_52' title='bbox 842 527 915 567; x_wconf 87' lang='grc' dir='ltr'>καί</span> <span class='ocrx_word' id='word_1_53' title='bbox 936 528 1128 579; x_wconf 77' lang='grc' dir='ltr'><strong><em>εἰσῆλθεν</em></strong></span> <span class='ocrx_word' id='word_1_54' title='bbox 1160 526 1184 577; x_wconf 83' lang='grc' dir='ltr'><strong><em>ἡ</em></strong></span> <span class='ocrx_word' id='word_1_55' title='bbox 1213 525 1314 580; x_wconf 73' lang='grc' dir='ltr'><strong><em>γυνὴ</em></strong></span> <span class='ocrx_word' id='word_1_56' title='bbox 1345 529 1421 568; x_wconf 84' lang='grc' dir='ltr'><strong>τοῦ</strong></span> <span class='ocrx_word' id='word_1_57' title='bbox 1449 529 1546 568; x_wconf 54' lang='lat' dir='ltr'><strong>Nae</strong></span> <span class='ocrx_word' id='word_1_58' title='bbox 1573 528 1633 576; x_wconf 83' lang='grc' dir='ltr'><strong>εἰς</strong></span> <span class='ocrx_word' id='word_1_59' title='bbox 1660 526 1772 582; x_wconf 76' lang='grc' dir='ltr'><strong>τὴνό</strong></span> 
     </span>
    </p>
   </div>
   <div class='ocr_carea' id='block_1_4' title="bbox 291 589 1736 845">
    <p class='ocr_par' dir='ltr' id='par_1_4' title="bbox 291 589 1736 845">
     <span class='ocr_line' id='line_1_7' title="bbox 293 589 1733 650; baseline 0.001 -15"><span class='ocrx_word' id='word_1_60' title='bbox 293 590 480 646; x_wconf 78' lang='grc' dir='ltr'><strong>κιβωτόν,</strong></span> <span class='ocrx_word' id='word_1_61' title='bbox 510 593 582 632; x_wconf 83' lang='grc' dir='ltr'><em>καί</em></span> <span class='ocrx_word' id='word_1_62' title='bbox 611 589 655 632; x_wconf 83' lang='grc' dir='ltr'><strong>αἱ</strong></span> <span class='ocrx_word' id='word_1_63' title='bbox 684 596 795 644; x_wconf 82' lang='grc' dir='ltr'><strong><em>τρεῖς</em></strong></span> <span class='ocrx_word' id='word_1_64' title='bbox 827 598 1018 644; x_wconf 84' lang='grc' dir='ltr'><strong><em>γυναῖκες</em></strong></span> <span class='ocrx_word' id='word_1_65' title='bbox 1057 595 1140 634; x_wconf 76' lang='grc' dir='ltr'><strong>τῶν</strong></span> <span class='ocrx_word' id='word_1_66' title='bbox 1170 591 1274 634; x_wconf 78' lang='grc' dir='ltr'><strong><em>υἱῶν</em></strong></span> <span class='ocrx_word' id='word_1_67' title='bbox 1302 596 1414 635; x_wconf 77' lang='grc' dir='ltr'><strong><em>Νῶε.</em></strong></span> <span class='ocrx_word' id='word_1_68' title='bbox 1470 591 1570 650; x_wconf 75' lang='grc' dir='ltr'><strong><em>ὁρᾷς</em></strong></span> <span class='ocrx_word' id='word_1_69' title='bbox 1596 595 1684 642; x_wconf 77' lang='grc' dir='ltr'><strong>πῶς</strong></span> <span class='ocrx_word' id='word_1_70' title='bbox 1711 594 1733 635; x_wconf 82' lang='grc' dir='ltr'>ὁ</span> 
     </span>
     <span class='ocr_line' id='line_1_8' title="bbox 294 656 1735 713; baseline 0.001 -13"><span class='ocrx_word' id='word_1_71' title='bbox 294 662 392 703; x_wconf 75' lang='grc' dir='ltr'><strong>Νῶε</strong></span> <span class='ocrx_word' id='word_1_72' title='bbox 417 661 496 709; x_wconf 84' lang='grc' dir='ltr'><strong>μὲν</strong></span> <span class='ocrx_word' id='word_1_73' title='bbox 524 656 796 711; x_wconf 73' lang='grc' dir='ltr'><strong><em>ἐμαρτυρήθη</em></strong></span> <span class='ocrx_word' id='word_1_74' title='bbox 813 656 925 711; x_wconf 73' lang='grc' dir='ltr'><strong><em>παρὰ</em></strong></span> <span class='ocrx_word' id='word_1_75' title='bbox 950 658 1022 698; x_wconf 82' lang='grc' dir='ltr'><strong>τοῦ</strong></span> <span class='ocrx_word' id='word_1_76' title='bbox 1046 660 1150 699; x_wconf 77' lang='grc' dir='ltr'><strong><em>θεοῦ</em></strong></span> <span class='ocrx_word' id='word_1_77' title='bbox 1171 658 1326 707; x_wconf 76' lang='grc' dir='ltr'><strong>δίκαιος</strong></span> <span class='ocrx_word' id='word_1_78' title='bbox 1346 657 1367 698; x_wconf 80' lang='grc' dir='ltr'>ὅ</span> <span class='ocrx_word' id='word_1_79' title='bbox 1397 656 1505 711; x_wconf 82' lang='grc' dir='ltr'><strong><em>ἔχων</em></strong></span> <span class='ocrx_word' id='word_1_80' title='bbox 1532 658 1606 713; x_wconf 72' lang='grc' dir='ltr'><strong>τὴν</strong></span> <span class='ocrx_word' id='word_1_81' title='bbox 1633 660 1735 711; x_wconf 80' lang='grc' dir='ltr'><strong><em>μίαν</em></strong></span> 
     </span>
     <span class='ocr_line' id='line_1_9' title="bbox 291 721 1736 780; baseline 0.001 -16"><span class='ocrx_word' id='word_1_82' title='bbox 291 730 480 780; x_wconf 80' lang='grc' dir='ltr'><strong><em>γυναῖκα.</em></strong></span> <span class='ocrx_word' id='word_1_83' title='bbox 553 721 656 764; x_wconf 81' lang='grc' dir='ltr'><strong><em>α’λλά</em></strong></span> <span class='ocrx_word' id='word_1_84' title='bbox 687 723 736 777; x_wconf 74' lang='grc' dir='ltr'><strong>δὴ</strong></span> <span class='ocrx_word' id='word_1_85' title='bbox 780 723 852 764; x_wconf 83' lang='grc' dir='ltr'><strong><em>καί</em></strong></span> <span class='ocrx_word' id='word_1_86' title='bbox 893 721 931 764; x_wconf 81' lang='grc' dir='ltr'><strong>οἱ</strong></span> <span class='ocrx_word' id='word_1_87' title='bbox 961 722 1047 764; x_wconf 75' lang='grc' dir='ltr'><strong><em>υἱοί</em></strong></span> <span class='ocrx_word' id='word_1_88' title='bbox 1084 723 1233 776; x_wconf 70' lang='grc' dir='ltr'><strong><em>αὐτοῦ,</em></strong></span> <span class='ocrx_word' id='word_1_89' title='bbox 1264 722 1340 765; x_wconf 61' lang='lat' dir='ltr'><strong>dmi</strong></span> <span class='ocrx_word' id='word_1_90' title='bbox 1379 726 1481 776; x_wconf 81' lang='grc' dir='ltr'><strong><em>μίαν</em></strong></span> <span class='ocrx_word' id='word_1_91' title='bbox 1507 724 1580 765; x_wconf 80' lang='grc' dir='ltr'>καί</span> <span class='ocrx_word' id='word_1_92' title='bbox 1605 725 1736 780; x_wconf 86' lang='grc' dir='ltr'><strong><em>μόνην</em></strong></span> 
     </span>
     <span class='ocr_line' id='line_1_10' title="bbox 293 787 1731 845; baseline -0.001 -14"><span class='ocrx_word' id='word_1_93' title='bbox 293 795 468 845; x_wconf 77' lang='grc' dir='ltr'><strong><em>γυναῖκα</em></strong></span> <span class='ocrx_word' id='word_1_94' title='bbox 499 787 605 842; x_wconf 83' lang='grc' dir='ltr'><strong><em>ἔχων</em></strong></span> <span class='ocrx_word' id='word_1_95' title='bbox 646 789 832 840; x_wconf 73' lang='grc' dir='ltr'><strong><em>ἕκαστος,</em></strong></span> <span class='ocrx_word' id='word_1_96' title='bbox 868 788 1088 843; x_wconf 76' lang='grc' dir='ltr'>ἐσώθησαν</span> <span class='ocrx_word' id='word_1_97' title='bbox 1125 789 1206 830; x_wconf 77' lang='grc' dir='ltr'><strong>α’πό</strong></span> <span class='ocrx_word' id='word_1_98' title='bbox 1236 791 1308 842; x_wconf 75' lang='grc' dir='ltr'><strong>τῆς</strong></span> <span class='ocrx_word' id='word_1_99' title='bbox 1344 788 1467 843; x_wconf 75' lang='grc' dir='ltr'><strong><em>ὀργῆς</em></strong></span> <span class='ocrx_word' id='word_1_100' title='bbox 1508 791 1584 831; x_wconf 78' lang='grc' dir='ltr'><strong>τοῦ</strong></span> <span class='ocrx_word' id='word_1_101' title='bbox 1610 791 1731 831; x_wconf 73' lang='grc' dir='ltr'><strong><em>θεοῦ.</em></strong></span> 
     </span>
    </p>
   </div>
   <div class='ocr_carea' id='block_1_5' title="bbox 295 852 1799 909">
    <p class='ocr_par' dir='ltr' id='par_1_5' title="bbox 295 852 1799 909">
     <span class='ocr_line' id='line_1_11' title="bbox 295 852 1799 909; baseline -0.001 -12"><span class='ocrx_word' id='word_1_102' title='bbox 295 853 407 898; x_wconf 78' lang='grc' dir='ltr'><strong><em>ἅπαν</em></strong></span> <span class='ocrx_word' id='word_1_103' title='bbox 431 858 476 897; x_wconf 77' lang='grc' dir='ltr'><strong>δὲ</strong></span> <span class='ocrx_word' id='word_1_104' title='bbox 501 854 547 896; x_wconf 85' lang='grc' dir='ltr'><strong>τὸ</strong></span> <span class='ocrx_word' id='word_1_105' title='bbox 578 856 691 908; x_wconf 89' lang='grc' dir='ltr'><strong><em>γε’νος</em></strong></span> <span class='ocrx_word' id='word_1_106' title='bbox 718 857 801 896; x_wconf 70' lang='grc' dir='ltr'><strong><em>ταῖν</em></strong></span> <span class='ocrx_word' id='word_1_107' title='bbox 829 852 1062 909; x_wconf 72' lang='grc' dir='ltr'><strong><em>ἀνθρώπων</em></strong></span> <span class='ocrx_word' id='word_1_108' title='bbox 1083 855 1292 896; x_wconf 73' lang='grc' dir='ltr'><strong>ἀπέθανεν</strong></span> <span class='ocrx_word' id='word_1_109' title='bbox 1322 854 1402 896; x_wconf 74' lang='grc' dir='ltr'><strong>ὑπὸ</strong></span> <span class='ocrx_word' id='word_1_110' title='bbox 1428 855 1504 899; x_wconf 78' lang='grc' dir='ltr'><strong>τοῦ</strong></span> <span class='ocrx_word' id='word_1_111' title='bbox 1529 859 1732 897; x_wconf 83' lang='grc' dir='ltr'><strong><em>κατακλυ-</em></strong></span> <span class='ocrx_word' id='word_1_112' title='bbox 1751 870 1799 898; x_wconf 81' lang='grc' dir='ltr'><strong>ιο</strong></span> 
     </span>
    </p>
   </div>
   <div class='ocr_carea' id='block_1_6' title="bbox 292 918 1737 1171">
    <p class='ocr_par' dir='ltr' id='par_1_6' title="bbox 292 918 1737 1171">
     <span class='ocr_line' id='line_1_12' title="bbox 294 918 1737 977; baseline -0.002 -13"><span class='ocrx_word' id='word_1_113' title='bbox 294 925 407 975; x_wconf 81' lang='grc' dir='ltr'><strong><em>σμοῦ</em></strong></span> <span class='ocrx_word' id='word_1_114' title='bbox 434 923 518 963; x_wconf 77' lang='grc' dir='ltr'><strong>τῶν</strong></span> <span class='ocrx_word' id='word_1_115' title='bbox 545 920 724 962; x_wconf 77' lang='grc' dir='ltr'><em>ὑδάτων.</em></span> <span class='ocrx_word' id='word_1_116' title='bbox 789 921 953 968; x_wconf 81' lang='grc' dir='ltr'><strong><em>πάντως</em></strong></span> <span class='ocrx_word' id='word_1_117' title='bbox 981 920 1052 961; x_wconf 86' lang='grc' dir='ltr'><strong><em>καί</em></strong></span> <span class='ocrx_word' id='word_1_118' title='bbox 1081 918 1151 961; x_wconf 82' lang='grc' dir='ltr'><strong>τὸν</strong></span> <span class='ocrx_word' id='word_1_119' title='bbox 1179 921 1308 977; x_wconf 78' lang='grc' dir='ltr'><strong><em>πάντῃ</em></strong></span> <span class='ocrx_word' id='word_1_120' title='bbox 1339 919 1510 975; x_wconf 84' lang='grc' dir='ltr'><strong><em>οἷνόητον</em></strong></span> <span class='ocrx_word' id='word_1_121' title='bbox 1526 921 1645 963; x_wconf 69' lang='grc' dir='ltr'><strong><em>τοῦτο</em></strong></span> <span class='ocrx_word' id='word_1_122' title='bbox 1673 922 1737 962; x_wconf 82' lang='grc' dir='ltr'><strong>δί-</strong></span> 
     </span>
     <span class='ocr_line' id='line_1_13' title="bbox 294 983 1736 1039; baseline -0.001 -10"><span class='ocrx_word' id='word_1_123' title='bbox 294 988 440 1030; x_wconf 76' lang='grc' dir='ltr'><strong>δάσκει</strong></span> <span class='ocrx_word' id='word_1_124' title='bbox 469 983 529 1028; x_wconf 80' lang='grc' dir='ltr'><strong>ὅτι</strong></span> <span class='ocrx_word' id='word_1_125' title='bbox 566 988 669 1038; x_wconf 78' lang='grc' dir='ltr'><strong><em>μίαν</em></strong></span> <span class='ocrx_word' id='word_1_126' title='bbox 706 984 779 1027; x_wconf 81' lang='grc' dir='ltr'>καί</span> <span class='ocrx_word' id='word_1_127' title='bbox 813 985 943 1039; x_wconf 83' lang='grc' dir='ltr'><strong><em>μόνην</em></strong></span> <span class='ocrx_word' id='word_1_128' title='bbox 970 983 1145 1039; x_wconf 81' lang='grc' dir='ltr'><strong><em>γυναῖκά</em></strong></span> <span class='ocrx_word' id='word_1_129' title='bbox 1177 988 1290 1028; x_wconf 80' lang='grc' dir='ltr'><strong><em>ἐστιν</em></strong></span> <span class='ocrx_word' id='word_1_130' title='bbox 1330 984 1410 1027; x_wconf 83' lang='grc' dir='ltr'><strong><em>α’πὸ</em></strong></span> <span class='ocrx_word' id='word_1_131' title='bbox 1452 989 1530 1028; x_wconf 79' lang='grc' dir='ltr'><strong>τοῦ</strong></span> <span class='ocrx_word' id='word_1_132' title='bbox 1570 988 1736 1028; x_wconf 74' lang='grc' dir='ltr'><strong><em>δικαίου</em></strong></span> 
     </span>
     <span class='ocr_line' id='line_1_14' title="bbox 292 1046 1733 1108; baseline -0.001 -13"><span class='ocrx_word' id='word_1_133' title='bbox 292 1052 406 1108; x_wconf 77' lang='grc' dir='ltr'><strong><em>ἔχειν</em></strong></span> <span class='ocrx_word' id='word_1_134' title='bbox 431 1051 501 1095; x_wconf 87' lang='grc' dir='ltr'><strong>τὸν</strong></span> <span class='ocrx_word' id='word_1_135' title='bbox 530 1047 754 1104; x_wconf 69' lang='grc' dir='ltr'><strong><em>ἄνθρωπον</em></strong></span> <span class='ocrx_word' id='word_1_136' title='bbox 781 1052 855 1092; x_wconf 84' lang='grc' dir='ltr'>καί</span> <span class='ocrx_word' id='word_1_137' title='bbox 881 1051 954 1092; x_wconf 76' lang='grc' dir='ltr'><strong>ἕνα</strong></span> <span class='ocrx_word' id='word_1_138' title='bbox 982 1049 1110 1103; x_wconf 88' lang='grc' dir='ltr'><strong><em>μόνον</em></strong></span> <span class='ocrx_word' id='word_1_139' title='bbox 1146 1046 1280 1104; x_wconf 73' lang='grc' dir='ltr'><strong><em>ἄνδρα</em></strong></span> <span class='ocrx_word' id='word_1_140' title='bbox 1309 1050 1382 1105; x_wconf 75' lang='grc' dir='ltr'><strong>τήν</strong></span> <span class='ocrx_word' id='word_1_141' title='bbox 1409 1058 1598 1105; x_wconf 82' lang='grc' dir='ltr'><strong><em>γυναῖκα.</em></strong></span> <span class='ocrx_word' id='word_1_142' title='bbox 1627 1048 1733 1094; x_wconf 66' lang='lat' dir='ltr'><strong>dno?</strong></span> 
     </span>
     <span class='ocr_line' id='line_1_15' title="bbox 294 1113 1736 1171; baseline -0.002 -10"><span class='ocrx_word' id='word_1_143' title='bbox 294 1118 367 1160; x_wconf 84' lang='grc' dir='ltr'><em>καί</em></span> <span class='ocrx_word' id='word_1_144' title='bbox 394 1121 516 1160; x_wconf 81' lang='grc' dir='ltr'><strong><em>τοῦτο</em></strong></span> <span class='ocrx_word' id='word_1_145' title='bbox 541 1115 644 1169; x_wconf 80' lang='grc' dir='ltr'><strong><em>μετὰ</em></strong></span> <span class='ocrx_word' id='word_1_146' title='bbox 669 1115 742 1170; x_wconf 70' lang='grc' dir='ltr'><strong>τὴν</strong></span> <span class='ocrx_word' id='word_1_147' title='bbox 760 1113 944 1170; x_wconf 82' lang='grc' dir='ltr'><strong><em>κατάραν</em></strong></span> <span class='ocrx_word' id='word_1_148' title='bbox 971 1117 1144 1169; x_wconf 83' lang='grc' dir='ltr'><strong><em>ἐγένετο,</em></strong></span> <span class='ocrx_word' id='word_1_149' title='bbox 1176 1114 1247 1157; x_wconf 77' lang='grc' dir='ltr'><strong>διὰ</strong></span> <span class='ocrx_word' id='word_1_150' title='bbox 1277 1114 1354 1170; x_wconf 68' lang='grc' dir='ltr'><strong>τήν</strong></span> <span class='ocrx_word' id='word_1_151' title='bbox 1379 1120 1646 1171; x_wconf 81' lang='grc' dir='ltr'><strong><em>τεκνογονιάν,</em></strong></span> <span class='ocrx_word' id='word_1_152' title='bbox 1678 1116 1736 1164; x_wconf 76' lang='grc' dir='ltr'><strong>ὥς</strong></span> 
     </span>
    </p>
   </div>
   <div class='ocr_carea' id='block_1_7' title="bbox 293 1180 1799 1238">
    <p class='ocr_par' dir='ltr' id='par_1_7' title="bbox 293 1180 1799 1238">
     <span class='ocr_line' id='line_1_16' title="bbox 293 1180 1799 1238; baseline -0.001 -12"><span class='ocrx_word' id='word_1_153' title='bbox 293 1184 467 1238; x_wconf 83' lang='grc' dir='ltr'><strong><em>εἴρηται.</em></strong></span> <span class='ocrx_word' id='word_1_154' title='bbox 525 1180 546 1223; x_wconf 83' lang='grc' dir='ltr'>ὅ</span> <span class='ocrx_word' id='word_1_155' title='bbox 577 1184 623 1223; x_wconf 82' lang='grc' dir='ltr'><strong>δὲ</strong></span> <span class='ocrx_word' id='word_1_156' title='bbox 644 1180 850 1234; x_wconf 61' lang='lat' dir='ltr'><strong>Maurius&amp;</strong></span> <span class='ocrx_word' id='word_1_157' title='bbox 873 1181 1061 1223; x_wconf 78' lang='grc' dir='ltr'><em>διδάσκει</em></span> <span class='ocrx_word' id='word_1_158' title='bbox 1090 1180 1332 1237; x_wconf 71' lang='grc' dir='ltr'><strong><em>ἀναφανδὸν</em></strong></span> <span class='ocrx_word' id='word_1_159' title='bbox 1362 1180 1424 1224; x_wconf 75' lang='grc' dir='ltr'><strong>ὅτι</strong></span> <span class='ocrx_word' id='word_1_160' title='bbox 1454 1182 1479 1237; x_wconf 84' lang='grc' dir='ltr'><em>ἧ</em></span> <span class='ocrx_word' id='word_1_161' title='bbox 1510 1181 1624 1237; x_wconf 79' lang='grc' dir='ltr'><strong><em>παρὰ</em></strong></span> <span class='ocrx_word' id='word_1_162' title='bbox 1653 1184 1733 1224; x_wconf 82' lang='grc' dir='ltr'><strong>τοῦ</strong></span> <span class='ocrx_word' id='word_1_163' title='bbox 1752 1183 1799 1225; x_wconf 79' lang='grc'><strong>15</strong></span> 
     </span>
    </p>
   </div>
   <div class='ocr_carea' id='block_1_8' title="bbox 290 1245 1738 1501">
    <p class='ocr_par' dir='ltr' id='par_1_8' title="bbox 290 1245 1738 1501">
     <span class='ocr_line' id='line_1_17' title="bbox 291 1245 1738 1301; baseline -0.001 -10"><span class='ocrx_word' id='word_1_164' title='bbox 291 1253 397 1292; x_wconf 79' lang='grc' dir='ltr'><strong><em>θεοῦ</em></strong></span> <span class='ocrx_word' id='word_1_165' title='bbox 426 1253 512 1298; x_wconf 81' lang='grc' dir='ltr'><strong><em>τοῖς</em></strong></span> <span class='ocrx_word' id='word_1_166' title='bbox 554 1248 729 1296; x_wconf 77' lang='grc' dir='ltr'><strong>δικαίοις</strong></span> <span class='ocrx_word' id='word_1_167' title='bbox 770 1245 1046 1296; x_wconf 74' lang='grc' dir='ltr'><strong><em>ἅνταπόδοσις</em></strong></span> <span class='ocrx_word' id='word_1_168' title='bbox 1084 1246 1241 1301; x_wconf 77' lang='grc' dir='ltr'><strong><em>λουτρὰ</em></strong></span> <span class='ocrx_word' id='word_1_169' title='bbox 1270 1247 1341 1289; x_wconf 83' lang='grc' dir='ltr'>καί</span> <span class='ocrx_word' id='word_1_170' title='bbox 1367 1254 1559 1301; x_wconf 87' lang='grc' dir='ltr'><strong><em>γυναῖκες</em></strong></span> <span class='ocrx_word' id='word_1_171' title='bbox 1587 1245 1738 1290; x_wconf 76' lang='grc' dir='ltr'><strong><em>πολλαὶ</em></strong></span> 
     </span>
     <span class='ocr_line' id='line_1_18' title="bbox 291 1310 1736 1371; baseline -0.001 -14"><span class='ocrx_word' id='word_1_172' title='bbox 291 1314 355 1357; x_wconf 66' lang='grc' dir='ltr'><strong>ἔνι’</strong></span> <span class='ocrx_word' id='word_1_173' title='bbox 384 1313 542 1371; x_wconf 70' lang='grc' dir='ltr'><strong><em>ἑκάστῳ</em></strong></span> <span class='ocrx_word' id='word_1_174' title='bbox 582 1315 655 1355; x_wconf 83' lang='grc' dir='ltr'>καί</span> <span class='ocrx_word' id='word_1_175' title='bbox 681 1310 788 1355; x_wconf 83' lang='grc' dir='ltr'><strong><em>οἶκοι</em></strong></span> <span class='ocrx_word' id='word_1_176' title='bbox 818 1317 1092 1366; x_wconf 82' lang='grc' dir='ltr'><strong><em>περικαλλεῖς.</em></strong></span> <span class='ocrx_word' id='word_1_177' title='bbox 1159 1311 1180 1353; x_wconf 81' lang='grc' dir='ltr'><em>ὃ</em></span> <span class='ocrx_word' id='word_1_178' title='bbox 1209 1316 1308 1366; x_wconf 84' lang='grc' dir='ltr'><strong><em>γοῦν</em></strong></span> <span class='ocrx_word' id='word_1_179' title='bbox 1336 1315 1470 1355; x_wconf 79' lang='grc' dir='ltr'><strong><em>ταῦτα</em></strong></span> <span class='ocrx_word' id='word_1_180' title='bbox 1497 1315 1736 1366; x_wconf 74' lang='grc' dir='ltr'><strong><em>νομοθετῶν</em></strong></span> 
     </span>
     <span class='ocr_line' id='line_1_19' title="bbox 291 1378 1736 1433; baseline -0.001 -10"><span class='ocrx_word' id='word_1_181' title='bbox 291 1384 380 1430; x_wconf 76' lang='grc' dir='ltr'><strong>πῶς</strong></span> <span class='ocrx_word' id='word_1_182' title='bbox 407 1380 488 1422; x_wconf 81' lang='grc' dir='ltr'><strong>αήὁ</strong></span> <span class='ocrx_word' id='word_1_183' title='bbox 517 1381 648 1432; x_wconf 63' lang='lat'><strong><em>3506,-</em></strong></span> <span class='ocrx_word' id='word_1_184' title='bbox 687 1379 864 1432; x_wconf 78' lang='grc' dir='ltr'><strong>μάταιος</strong></span> <span class='ocrx_word' id='word_1_185' title='bbox 895 1380 941 1420; x_wconf 76' lang='grc' dir='ltr'><strong>δὲ</strong></span> <span class='ocrx_word' id='word_1_186' title='bbox 966 1379 988 1419; x_wconf 83' lang='grc' dir='ltr'>ὅ</span> <span class='ocrx_word' id='word_1_187' title='bbox 1030 1380 1166 1421; x_wconf 80' lang='grc' dir='ltr'><strong><em>ταῦτα</em></strong></span> <span class='ocrx_word' id='word_1_188' title='bbox 1197 1378 1539 1433; x_wconf 74' lang='grc' dir='ltr'><strong><em>παραδεχόμενος</em></strong></span> <span class='ocrx_word' id='word_1_189' title='bbox 1567 1382 1639 1421; x_wconf 87' lang='grc' dir='ltr'><strong><em>καί</em></strong></span> <span class='ocrx_word' id='word_1_190' title='bbox 1665 1395 1736 1420; x_wconf 83' lang='grc' dir='ltr'><strong>πι-</strong></span> 
     </span>
     <span class='ocr_line' id='line_1_20' title="bbox 290 1442 1735 1501; baseline -0.002 -12"><span class='ocrx_word' id='word_1_191' title='bbox 290 1445 450 1490; x_wconf 79' lang='grc' dir='ltr'><strong><em>στεύων</em></strong></span> <span class='ocrx_word' id='word_1_192' title='bbox 482 1442 548 1487; x_wconf 80' lang='grc' dir='ltr'><strong>ὅτι</strong></span> <span class='ocrx_word' id='word_1_193' title='bbox 575 1444 620 1487; x_wconf 80' lang='grc' dir='ltr'><strong>τὸ</strong></span> <span class='ocrx_word' id='word_1_194' title='bbox 651 1443 815 1499; x_wconf 85' lang='grc' dir='ltr'><strong><em>γεγονὸς</em></strong></span> <span class='ocrx_word' id='word_1_195' title='bbox 852 1446 907 1486; x_wconf 78' lang='grc' dir='ltr'><strong>δι’</strong></span> <span class='ocrx_word' id='word_1_196' title='bbox 949 1443 1078 1499; x_wconf 72' lang='grc' dir='ltr'><strong><em>ὄργὴν</em></strong></span> <span class='ocrx_word' id='word_1_197' title='bbox 1113 1447 1167 1501; x_wconf 76' lang='grc' dir='ltr'><strong>τῷ</strong></span> <span class='ocrx_word' id='word_1_198' title='bbox 1207 1442 1496 1500; x_wconf 75' lang='grc' dir='ltr'><strong><em>ἁμαρτήσαντι</em></strong></span> <span class='ocrx_word' id='word_1_199' title='bbox 1523 1449 1735 1486; x_wconf 80' lang='grc' dir='ltr'><strong><em>πολυπλα-</em></strong></span> 
     </span>
    </p>
   </div>
   <div class='ocr_carea' id='block_1_9' title="bbox 292 1510 1799 1569">
    <p class='ocr_par' dir='ltr' id='par_1_9' title="bbox 292 1510 1799 1569">
     <span class='ocr_line' id='line_1_21' title="bbox 292 1510 1799 1569; baseline -0.002 -14"><span class='ocrx_word' id='word_1_200' title='bbox 292 1514 485 1564; x_wconf 78' lang='grc' dir='ltr'><strong>σιαζεται</strong></span> <span class='ocrx_word' id='word_1_201' title='bbox 515 1510 557 1553; x_wconf 75' lang='grc' dir='ltr'><strong>ἐν</strong></span> <span class='ocrx_word' id='word_1_202' title='bbox 583 1514 639 1569; x_wconf 75' lang='grc' dir='ltr'><strong>τῷ</strong></span> <span class='ocrx_word' id='word_1_203' title='bbox 667 1513 799 1567; x_wconf 73' lang='grc' dir='ltr'><strong><em>καιρῷ</em></strong></span> <span class='ocrx_word' id='word_1_204' title='bbox 818 1513 889 1565; x_wconf 85' lang='grc' dir='ltr'><strong>τῆς</strong></span> <span class='ocrx_word' id='word_1_205' title='bbox 913 1511 1251 1562; x_wconf 69' lang='grc' dir='ltr'><strong><em>μισθαποδοσιάς</em></strong></span> <span class='ocrx_word' id='word_1_206' title='bbox 1271 1513 1347 1551; x_wconf 83' lang='grc' dir='ltr'><strong>τοῦ</strong></span> <span class='ocrx_word' id='word_1_207' title='bbox 1375 1513 1506 1552; x_wconf 84' lang='grc' dir='ltr'><strong><em>καλοῦ</em></strong></span> <span class='ocrx_word' id='word_1_208' title='bbox 1531 1513 1604 1553; x_wconf 83' lang='grc' dir='ltr'><strong><em>καί</em></strong></span> <span class='ocrx_word' id='word_1_209' title='bbox 1631 1511 1735 1565; x_wconf 76' lang='grc' dir='ltr'><strong><em>ἄγα-</em></strong></span> <span class='ocrx_word' id='word_1_210' title='bbox 1746 1531 1799 1559; x_wconf 80' lang='lat'><strong>20</strong></span> 
     </span>
    </p>
   </div>
   <div class='ocr_carea' id='block_1_10' title="bbox 289 1575 1738 1764">
    <p class='ocr_par' dir='ltr' id='par_1_10' title="bbox 289 1575 1738 1764">
     <span class='ocr_line' id='line_1_22' title="bbox 290 1575 1735 1631; baseline -0.001 -10"><span class='ocrx_word' id='word_1_211' title='bbox 290 1581 375 1622; x_wconf 67' lang='lat'><strong>3013</strong></span> <span class='ocrx_word' id='word_1_212' title='bbox 405 1585 490 1626; x_wconf 82' lang='grc' dir='ltr'><strong><em>τοῖς</em></strong></span> <span class='ocrx_word' id='word_1_213' title='bbox 518 1577 652 1631; x_wconf 75' lang='grc' dir='ltr'><strong>ἁγίοις</strong></span> <span class='ocrx_word' id='word_1_214' title='bbox 683 1577 755 1618; x_wconf 85' lang='grc' dir='ltr'><em>καί</em></span> <span class='ocrx_word' id='word_1_215' title='bbox 787 1575 975 1626; x_wconf 73' lang='grc' dir='ltr'><strong>δικαίοις.</strong></span> <span class='ocrx_word' id='word_1_216' title='bbox 1033 1575 1104 1617; x_wconf 82' lang='grc' dir='ltr'><em>καί</em></span> <span class='ocrx_word' id='word_1_217' title='bbox 1132 1575 1332 1631; x_wconf 82' lang='grc' dir='ltr'><strong><em>πρόσεξον</em></strong></span> <span class='ocrx_word' id='word_1_218' title='bbox 1357 1575 1404 1618; x_wconf 72' lang='grc' dir='ltr'><strong>τά</strong></span> <span class='ocrx_word' id='word_1_219' title='bbox 1427 1577 1636 1631; x_wconf 78' lang='grc' dir='ltr'><strong><em>γεγονότα.</em></strong></span> <span class='ocrx_word' id='word_1_220' title='bbox 1667 1579 1735 1619; x_wconf 84' lang='grc' dir='ltr'><strong>λε’-</strong></span> 
     </span>
     <span class='ocr_line' id='line_1_23' title="bbox 289 1639 1738 1700; baseline -0.002 -14"><span class='ocrx_word' id='word_1_221' title='bbox 289 1661 352 1700; x_wconf 87' lang='grc' dir='ltr'><strong>γει</strong></span> <span class='ocrx_word' id='word_1_222' title='bbox 381 1641 402 1685; x_wconf 80' lang='grc' dir='ltr'><em>ὃ</em></span> <span class='ocrx_word' id='word_1_223' title='bbox 432 1645 626 1698; x_wconf 82' lang='grc' dir='ltr'><strong><em>Μωϋσῆς</em></strong></span> <span class='ocrx_word' id='word_1_224' title='bbox 648 1642 749 1684; x_wconf 72' lang='lat' dir='ltr'><strong>“nai</strong></span> <span class='ocrx_word' id='word_1_225' title='bbox 774 1644 942 1696; x_wconf 76' lang='grc' dir='ltr'><strong><em>εἰσῆλθε</em></strong></span> <span class='ocrx_word' id='word_1_226' title='bbox 972 1644 1069 1684; x_wconf 76' lang='grc' dir='ltr'><strong>Νῶε</strong></span> <span class='ocrx_word' id='word_1_227' title='bbox 1098 1644 1158 1690; x_wconf 88' lang='grc' dir='ltr'><strong>εἰς</strong></span> <span class='ocrx_word' id='word_1_228' title='bbox 1182 1640 1256 1695; x_wconf 81' lang='grc' dir='ltr'><strong>τήν</strong></span> <span class='ocrx_word' id='word_1_229' title='bbox 1284 1639 1455 1695; x_wconf 81' lang='grc' dir='ltr'><strong>κιβωτὸν</strong></span> <span class='ocrx_word' id='word_1_230' title='bbox 1482 1644 1555 1684; x_wconf 87' lang='grc' dir='ltr'><em>καί</em></span> <span class='ocrx_word' id='word_1_231' title='bbox 1581 1641 1619 1684; x_wconf 84' lang='grc' dir='ltr'><strong>οἱ</strong></span> <span class='ocrx_word' id='word_1_232' title='bbox 1650 1639 1738 1684; x_wconf 76' lang='grc' dir='ltr'><strong><em>υἱοὶ</em></strong></span> 
     </span>
     <span class='ocr_line' id='line_1_24' title="bbox 291 1706 1736 1764; baseline -0.003 -11"><span class='ocrx_word' id='word_1_233' title='bbox 291 1711 427 1754; x_wconf 68' lang='grc' dir='ltr'><strong><em>αὐτοῦ</em></strong></span> <span class='ocrx_word' id='word_1_234' title='bbox 464 1710 538 1751; x_wconf 82' lang='grc' dir='ltr'>καί</span> <span class='ocrx_word' id='word_1_235' title='bbox 573 1706 598 1764; x_wconf 83' lang='grc' dir='ltr'><em>ἦ</em></span> <span class='ocrx_word' id='word_1_236' title='bbox 627 1709 729 1763; x_wconf 83' lang='grc' dir='ltr'><strong><em>γυνὴ</em></strong></span> <span class='ocrx_word' id='word_1_237' title='bbox 762 1708 894 1750; x_wconf 67' lang='grc' dir='ltr'><strong><em>αὐτοῦ</em></strong></span> <span class='ocrx_word' id='word_1_238' title='bbox 931 1708 1004 1750; x_wconf 83' lang='grc' dir='ltr'>καί</span> <span class='ocrx_word' id='word_1_239' title='bbox 1031 1706 1076 1749; x_wconf 86' lang='grc' dir='ltr'><strong>αἱ</strong></span> <span class='ocrx_word' id='word_1_240' title='bbox 1113 1714 1305 1762; x_wconf 80' lang='grc' dir='ltr'><strong><em>γυναῖκες</em></strong></span> <span class='ocrx_word' id='word_1_241' title='bbox 1330 1710 1412 1750; x_wconf 78' lang='grc' dir='ltr'><strong>τῶν</strong></span> <span class='ocrx_word' id='word_1_242' title='bbox 1438 1706 1542 1751; x_wconf 79' lang='grc' dir='ltr'><strong>υὶῶν</strong></span> <span class='ocrx_word' id='word_1_243' title='bbox 1568 1706 1736 1750; x_wconf 75' lang='grc' dir='ltr'><strong><em>αὕτοῦ.“’</em></strong></span> 
     </span>
    </p>
   </div>
   <div class='ocr_carea' id='block_1_11' title="bbox 287 1880 1736 2676">
    <p class='ocr_par' dir='ltr' id='par_1_11' title="bbox 287 1880 1736 2676">
     <span class='ocr_line' id='line_1_25' title="bbox 291 1880 1735 1928; baseline -0.002 -10"><span class='ocrx_word' id='word_1_244' title='bbox 291 1885 366 1918; x_wconf 78' lang='lat' dir='ltr'><strong>veri</strong></span> <span class='ocrx_word' id='word_1_245' title='bbox 389 1883 550 1928; x_wconf 86' lang='lat' dir='ltr'><strong>bonique</strong></span> <span class='ocrx_word' id='word_1_246' title='bbox 575 1881 816 1921; x_wconf 82' lang='lat' dir='ltr'><strong>immemores,</strong></span> <span class='ocrx_word' id='word_1_247' title='bbox 843 1881 1007 1915; x_wconf 85' lang='lat' dir='ltr'><strong>lasciviae</strong></span> <span class='ocrx_word' id='word_1_248' title='bbox 1030 1892 1067 1914; x_wconf 91' lang='lat' dir='ltr'><strong>se</strong></span> <span class='ocrx_word' id='word_1_249' title='bbox 1093 1880 1280 1914; x_wconf 82' lang='lat' dir='ltr'><strong>dederunt.</strong></span> <span class='ocrx_word' id='word_1_250' title='bbox 1310 1886 1384 1914; x_wconf 83' lang='lat' dir='ltr'><strong>tum</strong></span> <span class='ocrx_word' id='word_1_251' title='bbox 1413 1881 1499 1914; x_wconf 79' lang='lat' dir='ltr'><strong>deus</strong></span> <span class='ocrx_word' id='word_1_252' title='bbox 1522 1880 1622 1914; x_wconf 83' lang='lat' dir='ltr'>Noae</span> <span class='ocrx_word' id='word_1_253' title='bbox 1647 1881 1735 1916; x_wconf 85' lang='lat' dir='ltr'><strong>dicit</strong></span> 
     </span>
     <span class='ocr_line' id='line_1_26' title="bbox 287 1927 1735 1977; baseline -0.002 -13"><span class='ocrx_word' id='word_1_254' title='bbox 287 1931 489 1977; x_wconf 84' lang='lat' dir='ltr'><strong>“quoniam</strong></span> <span class='ocrx_word' id='word_1_255' title='bbox 514 1935 551 1962; x_wconf 85' lang='lat' dir='ltr'><strong>te</strong></span> <span class='ocrx_word' id='word_1_256' title='bbox 575 1931 709 1963; x_wconf 84' lang='lat' dir='ltr'><strong>iustum</strong></span> <span class='ocrx_word' id='word_1_257' title='bbox 735 1928 916 1961; x_wconf 86' lang='lat' dir='ltr'><strong>hominem</strong></span> <span class='ocrx_word' id='word_1_258' title='bbox 940 1929 1062 1962; x_wconf 76' lang='lat' dir='ltr'><strong>inveni</strong></span> <span class='ocrx_word' id='word_1_259' title='bbox 1085 1929 1124 1961; x_wconf 87' lang='lat' dir='ltr'><strong>in</strong></span> <span class='ocrx_word' id='word_1_260' title='bbox 1140 1928 1209 1961; x_wconf 88' lang='lat' dir='ltr'><strong>hoc</strong></span> <span class='ocrx_word' id='word_1_261' title='bbox 1228 1939 1367 1972; x_wconf 82' lang='lat' dir='ltr'><strong>genere,</strong></span> <span class='ocrx_word' id='word_1_262' title='bbox 1393 1939 1456 1972; x_wconf 84' lang='lat' dir='ltr'><strong>age</strong></span> <span class='ocrx_word' id='word_1_263' title='bbox 1481 1939 1594 1961; x_wconf 81' lang='lat' dir='ltr'><strong>arcam</strong></span> <span class='ocrx_word' id='word_1_264' title='bbox 1617 1927 1735 1972; x_wconf 84' lang='lat' dir='ltr'><strong>ligne-</strong></span> 
     </span>
     <span class='ocr_line' id='line_1_27' title="bbox 291 1973 1736 2020; baseline -0.003 -8"><span class='ocrx_word' id='word_1_265' title='bbox 291 1990 346 2011; x_wconf 88' lang='lat' dir='ltr'><strong>am</strong></span> <span class='ocrx_word' id='word_1_266' title='bbox 374 1973 551 2011; x_wconf 75' lang='lat' dir='ltr'><strong>exstrue.’&#39;</strong></span> <span class='ocrx_word' id='word_1_267' title='bbox 601 1976 777 2008; x_wconf 77' lang='lat' dir='ltr'><strong>exstruxit</strong></span> <span class='ocrx_word' id='word_1_268' title='bbox 815 1976 921 2019; x_wconf 76' lang='lat' dir='ltr'><strong>igitur</strong></span> <span class='ocrx_word' id='word_1_269' title='bbox 948 1976 1024 2008; x_wconf 89' lang='lat' dir='ltr'><strong>Noe</strong></span> <span class='ocrx_word' id='word_1_270' title='bbox 1049 1986 1162 2008; x_wconf 83' lang='lat' dir='ltr'><strong>arcam</strong></span> <span class='ocrx_word' id='word_1_271' title='bbox 1201 1986 1219 2008; x_wconf 87' lang='lat' dir='ltr'><strong>e</strong></span> <span class='ocrx_word' id='word_1_272' title='bbox 1245 1980 1434 2020; x_wconf 81' lang='lat' dir='ltr'><strong>praecepto</strong></span> <span class='ocrx_word' id='word_1_273' title='bbox 1459 1974 1594 2008; x_wconf 90' lang='lat' dir='ltr'><strong>domini</strong></span> <span class='ocrx_word' id='word_1_274' title='bbox 1619 1981 1655 2008; x_wconf 85' lang='lat' dir='ltr'><strong>et</strong></span> <span class='ocrx_word' id='word_1_275' title='bbox 1677 1976 1736 2008; x_wconf 85' lang='lat' dir='ltr'><strong>in-</strong></span> 
     </span>
     <span class='ocr_line' id='line_1_28' title="bbox 289 2021 1735 2067; baseline -0.001 -8"><span class='ocrx_word' id='word_1_276' title='bbox 289 2026 400 2060; x_wconf 84' lang='lat' dir='ltr'><strong>travit</strong></span> <span class='ocrx_word' id='word_1_277' title='bbox 425 2034 502 2056; x_wconf 85' lang='lat' dir='ltr'><strong>eam</strong></span> <span class='ocrx_word' id='word_1_278' title='bbox 527 2031 606 2055; x_wconf 86' lang='lat' dir='ltr'><strong>cum</strong></span> <span class='ocrx_word' id='word_1_279' title='bbox 635 2022 750 2055; x_wconf 86' lang='lat' dir='ltr'><strong>tribus</strong></span> <span class='ocrx_word' id='word_1_280' title='bbox 777 2022 858 2054; x_wconf 88' lang='lat' dir='ltr'><strong>filiis</strong></span> <span class='ocrx_word' id='word_1_281' title='bbox 875 2048 883 2062; x_wconf 89' lang='lat'>,</span> <span class='ocrx_word' id='word_1_282' title='bbox 899 2023 991 2063; x_wconf 88' lang='lat' dir='ltr'><strong>Sem,</strong></span> <span class='ocrx_word' id='word_1_283' title='bbox 1011 2021 1320 2067; x_wconf 78' lang='lat' dir='ltr'><strong>Cha1n‚1apheth:</strong></span> <span class='ocrx_word' id='word_1_284' title='bbox 1343 2022 1561 2067; x_wconf 86' lang='lat' dir='ltr'><strong>intravitque</strong></span> <span class='ocrx_word' id='word_1_285' title='bbox 1587 2021 1735 2057; x_wconf 86' lang='lat' dir='ltr'><strong>eandem</strong></span> 
     </span>
     <span class='ocr_line' id='line_1_29' title="bbox 290 2068 1735 2109; baseline -0.002 -4"><span class='ocrx_word' id='word_1_286' title='bbox 290 2083 382 2105; x_wconf 81' lang='lat' dir='ltr'><strong>uxor</strong></span> <span class='ocrx_word' id='word_1_287' title='bbox 408 2070 508 2104; x_wconf 83' lang='lat' dir='ltr'><strong>Noae</strong></span> <span class='ocrx_word' id='word_1_288' title='bbox 533 2081 611 2103; x_wconf 91' lang='lat' dir='ltr'><strong>cum</strong></span> <span class='ocrx_word' id='word_1_289' title='bbox 635 2069 747 2102; x_wconf 89' lang='lat' dir='ltr'><strong>tribus</strong></span> <span class='ocrx_word' id='word_1_290' title='bbox 775 2069 943 2102; x_wconf 80' lang='lat' dir='ltr'><strong>uxoribus</strong></span> <span class='ocrx_word' id='word_1_291' title='bbox 969 2070 1123 2102; x_wconf 84' lang='lat' dir='ltr'><strong>filiorum</strong></span> <span class='ocrx_word' id='word_1_292' title='bbox 1147 2069 1258 2102; x_wconf 87' lang='lat' dir='ltr'><strong>Noae.</strong></span> <span class='ocrx_word' id='word_1_293' title='bbox 1305 2068 1417 2109; x_wconf 86' lang='lat' dir='ltr'><strong>vides,</strong></span> <span class='ocrx_word' id='word_1_294' title='bbox 1438 2068 1544 2101; x_wconf 85' lang='lat' dir='ltr'><strong>deum</strong></span> <span class='ocrx_word' id='word_1_295' title='bbox 1568 2069 1668 2102; x_wconf 85' lang='lat' dir='ltr'><strong>Noae</strong></span> <span class='ocrx_word' id='word_1_296' title='bbox 1693 2074 1735 2102; x_wconf 88' lang='lat' dir='ltr'><strong>ut</strong></span> 
     </span>
     <span class='ocr_line' id='line_1_30' title="bbox 291 2115 1735 2161; baseline -0.003 -9"><span class='ocrx_word' id='word_1_297' title='bbox 291 2120 386 2152; x_wconf 81' lang='lat' dir='ltr'><strong>iusto</strong></span> <span class='ocrx_word' id='word_1_298' title='bbox 413 2117 550 2150; x_wconf 87' lang='lat' dir='ltr'><strong>homini</strong></span> <span class='ocrx_word' id='word_1_299' title='bbox 578 2121 746 2150; x_wconf 82' lang='lat' dir='ltr'><strong>testatum</strong></span> <span class='ocrx_word' id='word_1_300' title='bbox 786 2127 861 2150; x_wconf 89' lang='lat' dir='ltr'><strong>esse</strong></span> <span class='ocrx_word' id='word_1_301' title='bbox 878 2142 886 2156; x_wconf 89' lang='lat'>‚</span> <span class='ocrx_word' id='word_1_302' title='bbox 907 2117 1041 2161; x_wconf 88' lang='lat' dir='ltr'><strong>quippe</strong></span> <span class='ocrx_word' id='word_1_303' title='bbox 1067 2116 1130 2161; x_wconf 86' lang='lat' dir='ltr'><strong>qui</strong></span> <span class='ocrx_word' id='word_1_304' title='bbox 1156 2127 1260 2148; x_wconf 86' lang='lat' dir='ltr'><strong>unam</strong></span> <span class='ocrx_word' id='word_1_305' title='bbox 1285 2126 1432 2148; x_wconf 84' lang='lat' dir='ltr'><strong>uxorem</strong></span> <span class='ocrx_word' id='word_1_306' title='bbox 1458 2115 1619 2150; x_wconf 83' lang='lat' dir='ltr'><strong>haberet.</strong></span> <span class='ocrx_word' id='word_1_307' title='bbox 1666 2126 1735 2149; x_wconf 90' lang='lat' dir='ltr'><strong>nec</strong></span> 
     </span>
     <span class='ocr_line' id='line_1_31' title="bbox 291 2162 1733 2208; baseline -0.003 -8"><span class='ocrx_word' id='word_1_308' title='bbox 291 2178 376 2200; x_wconf 86' lang='lat' dir='ltr'><strong>vero</strong></span> <span class='ocrx_word' id='word_1_309' title='bbox 416 2164 579 2198; x_wconf 72' lang='lat' dir='ltr'><strong>eiusdem·</strong></span> <span class='ocrx_word' id='word_1_310' title='bbox 602 2163 685 2203; x_wconf 85' lang='lat' dir='ltr'><strong>filii,</strong></span> <span class='ocrx_word' id='word_1_311' title='bbox 712 2162 775 2207; x_wconf 88' lang='lat' dir='ltr'><strong>qui</strong></span> <span class='ocrx_word' id='word_1_312' title='bbox 806 2169 842 2196; x_wconf 83' lang='lat' dir='ltr'><strong>et</strong></span> <span class='ocrx_word' id='word_1_313' title='bbox 866 2163 935 2208; x_wconf 86' lang='lat' dir='ltr'><strong>ipsi</strong></span> <span class='ocrx_word' id='word_1_314' title='bbox 968 2163 1099 2207; x_wconf 86' lang='lat' dir='ltr'>singuli</span> <span class='ocrx_word' id='word_1_315' title='bbox 1134 2162 1287 2207; x_wconf 87' lang='lat' dir='ltr'><strong>singulas</strong></span> <span class='ocrx_word' id='word_1_316' title='bbox 1314 2172 1439 2194; x_wconf 83' lang='lat' dir='ltr'><strong>uxores</strong></span> <span class='ocrx_word' id='word_1_317' title='bbox 1466 2162 1660 2203; x_wconf 80' lang='lat' dir='ltr'><strong>haberent,</strong></span> <span class='ocrx_word' id='word_1_318' title='bbox 1687 2162 1733 2195; x_wconf 76' lang='lat' dir='ltr'><strong>ab</strong></span> 
     </span>
     <span class='ocr_line' id='line_1_32' title="bbox 293 2208 1734 2254; baseline -0.003 -8"><span class='ocrx_word' id='word_1_319' title='bbox 293 2214 346 2246; x_wconf 86' lang='lat' dir='ltr'><strong>ira</strong></span> <span class='ocrx_word' id='word_1_320' title='bbox 372 2211 430 2245; x_wconf 86' lang='lat' dir='ltr'><strong>dei</strong></span> <span class='ocrx_word' id='word_1_321' title='bbox 456 2222 530 2244; x_wconf 90' lang='lat' dir='ltr'><strong>non</strong></span> <span class='ocrx_word' id='word_1_322' title='bbox 555 2210 685 2244; x_wconf 83' lang='lat' dir='ltr'><strong>servati</strong></span> <span class='ocrx_word' id='word_1_323' title='bbox 713 2215 814 2242; x_wconf 85' lang='lat' dir='ltr'><strong>sunt:</strong></span> <span class='ocrx_word' id='word_1_324' title='bbox 840 2221 947 2254; x_wconf 85' lang='lat' dir='ltr'><strong>quum</strong></span> <span class='ocrx_word' id='word_1_325' title='bbox 974 2221 1077 2243; x_wconf 88' lang='lat' dir='ltr'><strong>omne</strong></span> <span class='ocrx_word' id='word_1_326' title='bbox 1102 2220 1211 2253; x_wconf 85' lang='lat' dir='ltr'><strong>genus</strong></span> <span class='ocrx_word' id='word_1_327' title='bbox 1240 2208 1432 2241; x_wconf 84' lang='lat' dir='ltr'><strong>humanum</strong></span> <span class='ocrx_word' id='word_1_328' title='bbox 1457 2219 1624 2254; x_wconf 81' lang='lat' dir='ltr'><strong>aquarum</strong></span> <span class='ocrx_word' id='word_1_329' title='bbox 1648 2220 1734 2254; x_wconf 87' lang='lat' dir='ltr'><strong>pro-</strong></span> 
     </span>
     <span class='ocr_line' id='line_1_33' title="bbox 294 2255 1733 2304; baseline -0.003 -11"><span class='ocrx_word' id='word_1_330' title='bbox 294 2260 390 2293; x_wconf 87' lang='lat' dir='ltr'><strong>luvie</strong></span> <span class='ocrx_word' id='word_1_331' title='bbox 414 2259 559 2304; x_wconf 82' lang='lat' dir='ltr'><strong>periret.</strong></span> <span class='ocrx_word' id='word_1_332' title='bbox 620 2267 712 2301; x_wconf 87' lang='lat' dir='ltr'><strong>quae</strong></span> <span class='ocrx_word' id='word_1_333' title='bbox 736 2267 790 2289; x_wconf 88' lang='lat' dir='ltr'><strong>res</strong></span> <span class='ocrx_word' id='word_1_334' title='bbox 814 2257 922 2289; x_wconf 80' lang='lat' dir='ltr'><strong>etiam</strong></span> <span class='ocrx_word' id='word_1_335' title='bbox 949 2257 1197 2290; x_wconf 81' lang='lat' dir='ltr'><strong>stultissimum</strong></span> <span class='ocrx_word' id='word_1_336' title='bbox 1229 2255 1409 2288; x_wconf 84' lang='lat' dir='ltr'><strong>hominem</strong></span> <span class='ocrx_word' id='word_1_337' title='bbox 1434 2255 1550 2298; x_wconf 87' lang='lat' dir='ltr'><strong>docet,</strong></span> <span class='ocrx_word' id='word_1_338' title='bbox 1575 2255 1733 2300; x_wconf 81' lang='lat' dir='ltr'><strong>legitime</strong></span> 
     </span>
     <span class='ocr_line' id='line_1_34' title="bbox 294 2301 1733 2344; baseline -0.003 -4"><span class='ocrx_word' id='word_1_339' title='bbox 294 2318 400 2339; x_wconf 86' lang='lat' dir='ltr'><strong>unam</strong></span> <span class='ocrx_word' id='word_1_340' title='bbox 435 2315 580 2338; x_wconf 81' lang='lat' dir='ltr'><strong>uxorem</strong></span> <span class='ocrx_word' id='word_1_341' title='bbox 615 2304 750 2344; x_wconf 84' lang='lat' dir='ltr'><strong>virum,</strong></span> <span class='ocrx_word' id='word_1_342' title='bbox 785 2309 822 2336; x_wconf 79' lang='lat' dir='ltr'><strong>et</strong></span> <span class='ocrx_word' id='word_1_343' title='bbox 854 2315 962 2336; x_wconf 88' lang='lat' dir='ltr'><strong>unum</strong></span> <span class='ocrx_word' id='word_1_344' title='bbox 993 2304 1158 2336; x_wconf 82' lang='lat' dir='ltr'><strong>maritum</strong></span> <span class='ocrx_word' id='word_1_345' title='bbox 1195 2302 1361 2335; x_wconf 84' lang='lat' dir='ltr'><strong>seminam</strong></span> <span class='ocrx_word' id='word_1_346' title='bbox 1384 2302 1528 2335; x_wconf 86' lang='lat' dir='ltr'><strong>habere.</strong></span> <span class='ocrx_word' id='word_1_347' title='bbox 1576 2301 1639 2336; x_wconf 84' lang='lat' dir='ltr'><strong>sed</strong></span> <span class='ocrx_word' id='word_1_348' title='bbox 1663 2302 1733 2336; x_wconf 84' lang='lat' dir='ltr'><strong>hoc</strong></span> 
     </span>
     <span class='ocr_line' id='line_1_35' title="bbox 293 2348 1734 2399; baseline -0.002 -13"><span class='ocrx_word' id='word_1_349' title='bbox 293 2364 438 2399; x_wconf 78' lang='lat' dir='ltr'><strong>quoque</strong></span> <span class='ocrx_word' id='word_1_350' title='bbox 461 2357 543 2397; x_wconf 86' lang='lat' dir='ltr'><strong>post</strong></span> <span class='ocrx_word' id='word_1_351' title='bbox 567 2350 844 2384; x_wconf 78' lang='lat' dir='ltr'><strong>exsecrationem</strong></span> <span class='ocrx_word' id='word_1_352' title='bbox 871 2350 1000 2383; x_wconf 84' lang='lat' dir='ltr'><strong>factum</strong></span> <span class='ocrx_word' id='word_1_353' title='bbox 1020 2356 1084 2391; x_wconf 84' lang='lat' dir='ltr'><strong>est,</strong></span> <span class='ocrx_word' id='word_1_354' title='bbox 1111 2350 1156 2383; x_wconf 91' lang='lat' dir='ltr'><strong>ob</strong></span> <span class='ocrx_word' id='word_1_355' title='bbox 1176 2349 1367 2382; x_wconf 83' lang='lat' dir='ltr'><strong>liberorum</strong></span> <span class='ocrx_word' id='word_1_356' title='bbox 1391 2348 1667 2394; x_wconf 78' lang='lat' dir='ltr'><strong>generationem,</strong></span> <span class='ocrx_word' id='word_1_357' title='bbox 1693 2355 1734 2383; x_wconf 83' lang='lat' dir='ltr'><strong>ut</strong></span> 
     </span>
     <span class='ocr_line' id='line_1_36' title="bbox 294 2396 1732 2442; baseline -0.003 -9"><span class='ocrx_word' id='word_1_358' title='bbox 294 2401 444 2433; x_wconf 82' lang='lat' dir='ltr'><strong>diximus</strong></span> <span class='ocrx_word' id='word_1_359' title='bbox 506 2404 542 2431; x_wconf 84' lang='lat' dir='ltr'><strong>at</strong></span> <span class='ocrx_word' id='word_1_360' title='bbox 564 2397 784 2430; x_wconf 78' lang='lat' dir='ltr'><strong>Mohametes</strong></span> <span class='ocrx_word' id='word_1_361' title='bbox 809 2403 931 2441; x_wconf 80' lang='lat' dir='ltr'><strong>aperte</strong></span> <span class='ocrx_word' id='word_1_362' title='bbox 959 2397 1082 2437; x_wconf 80' lang='lat' dir='ltr'><strong>docet,</strong></span> <span class='ocrx_word' id='word_1_363' title='bbox 1124 2408 1144 2428; x_wconf 91' lang='lat' dir='ltr'>a</span> <span class='ocrx_word' id='word_1_364' title='bbox 1169 2396 1236 2429; x_wconf 90' lang='lat' dir='ltr'><strong>deo</strong></span> <span class='ocrx_word' id='word_1_365' title='bbox 1261 2397 1364 2429; x_wconf 86' lang='lat' dir='ltr'><strong>iustis</strong></span> <span class='ocrx_word' id='word_1_366' title='bbox 1389 2408 1453 2442; x_wconf 85' lang='lat' dir='ltr'><strong>pro</strong></span> <span class='ocrx_word' id='word_1_367' title='bbox 1481 2396 1639 2442; x_wconf 81' lang='lat' dir='ltr'><strong>praemio</strong></span> <span class='ocrx_word' id='word_1_368' title='bbox 1665 2396 1732 2429; x_wconf 85' lang='lat' dir='ltr'><strong>da—</strong></span> 
     </span>
     <span class='ocr_line' id='line_1_37' title="bbox 292 2442 1733 2488; baseline -0.003 -8"><span class='ocrx_word' id='word_1_369' title='bbox 292 2453 369 2480; x_wconf 79' lang='lat' dir='ltr'><strong>tum</strong></span> <span class='ocrx_word' id='word_1_370' title='bbox 395 2446 440 2479; x_wconf 91' lang='lat' dir='ltr'><strong>iri</strong></span> <span class='ocrx_word' id='word_1_371' title='bbox 466 2445 615 2485; x_wconf 83' lang='lat' dir='ltr'><strong>lavacra,</strong></span> <span class='ocrx_word' id='word_1_372' title='bbox 641 2449 678 2477; x_wconf 86' lang='lat' dir='ltr'><strong>et</strong></span> <span class='ocrx_word' id='word_1_373' title='bbox 701 2444 848 2477; x_wconf 82' lang='lat' dir='ltr'><strong>feminas</strong></span> <span class='ocrx_word' id='word_1_374' title='bbox 875 2444 1019 2487; x_wconf 74' lang='lat' dir='ltr'><strong>singulis</strong></span> <span class='ocrx_word' id='word_1_375' title='bbox 1045 2445 1165 2488; x_wconf 87' lang='lat' dir='ltr'><strong>plures</strong></span> <span class='ocrx_word' id='word_1_376' title='bbox 1191 2449 1226 2476; x_wconf 84' lang='lat' dir='ltr'><strong>et</strong></span> <span class='ocrx_word' id='word_1_377' title='bbox 1251 2443 1357 2476; x_wconf 84' lang='lat' dir='ltr'><strong>aedes</strong></span> <span class='ocrx_word' id='word_1_378' title='bbox 1382 2442 1651 2488; x_wconf 82' lang='lat' dir='ltr'><strong>pulcherrimas.</strong></span> <span class='ocrx_word' id='word_1_379' title='bbox 1675 2448 1733 2476; x_wconf 85' lang='lat' dir='ltr'><strong>ta-</strong></span> 
     </span>
     <span class='ocr_line' id='line_1_38' title="bbox 294 2490 1731 2537; baseline -0.003 -10"><span class='ocrx_word' id='word_1_380' title='bbox 294 2494 343 2527; x_wconf 82' lang='lat' dir='ltr'><strong>lia</strong></span> <span class='ocrx_word' id='word_1_381' title='bbox 367 2493 475 2536; x_wconf 85' lang='lat' dir='ltr'><strong>igitur</strong></span> <span class='ocrx_word' id='word_1_382' title='bbox 498 2493 560 2537; x_wconf 87' lang='lat' dir='ltr'><strong>qui</strong></span> <span class='ocrx_word' id='word_1_383' title='bbox 588 2492 667 2535; x_wconf 85' lang='lat' dir='ltr'><strong>lege</strong></span> <span class='ocrx_word' id='word_1_384' title='bbox 695 2491 806 2523; x_wconf 81' lang='lat' dir='ltr'><strong>sancit</strong></span> <span class='ocrx_word' id='word_1_385' title='bbox 831 2490 1011 2536; x_wconf 82' lang='lat' dir='ltr'><strong>quomodo</strong></span> <span class='ocrx_word' id='word_1_386' title='bbox 1038 2502 1057 2522; x_wconf 83' lang='lat' dir='ltr'>a</span> <span class='ocrx_word' id='word_1_387' title='bbox 1075 2490 1143 2523; x_wconf 87' lang='lat' dir='ltr'><strong>deo</strong></span> <span class='ocrx_word' id='word_1_388' title='bbox 1167 2490 1291 2523; x_wconf 86' lang='lat' dir='ltr'><strong>missus</strong></span> <span class='ocrx_word' id='word_1_389' title='bbox 1319 2490 1392 2524; x_wconf 82' lang='lat' dir='ltr'><strong>sit?</strong></span> <span class='ocrx_word' id='word_1_390' title='bbox 1417 2491 1486 2523; x_wconf 90' lang='lat' dir='ltr'><strong>imo</strong></span> <span class='ocrx_word' id='word_1_391' title='bbox 1512 2490 1641 2523; x_wconf 78' lang='lat' dir='ltr'><strong>stultus</strong></span> <span class='ocrx_word' id='word_1_392' title='bbox 1665 2494 1731 2531; x_wconf 85' lang='lat' dir='ltr'><strong>est,</strong></span> 
     </span>
     <span class='ocr_line' id='line_1_39' title="bbox 296 2537 1731 2586; baseline -0.003 -13"><span class='ocrx_word' id='word_1_393' title='bbox 296 2541 358 2586; x_wconf 85' lang='lat' dir='ltr'><strong>qui</strong></span> <span class='ocrx_word' id='word_1_394' title='bbox 382 2541 450 2573; x_wconf 82' lang='lat' dir='ltr'><strong>ista</strong></span> <span class='ocrx_word' id='word_1_395' title='bbox 470 2539 607 2584; x_wconf 78' lang='lat' dir='ltr'><strong>probat,</strong></span> <span class='ocrx_word' id='word_1_396' title='bbox 635 2544 743 2583; x_wconf 84' lang='lat' dir='ltr'><strong>atque</strong></span> <span class='ocrx_word' id='word_1_397' title='bbox 767 2537 891 2577; x_wconf 84' lang='lat' dir='ltr'><strong>credit,</strong></span> <span class='ocrx_word' id='word_1_398' title='bbox 911 2537 1008 2582; x_wconf 89' lang='lat' dir='ltr'><strong>quod</strong></span> <span class='ocrx_word' id='word_1_399' title='bbox 1030 2537 1222 2570; x_wconf 81' lang='lat' dir='ltr'><strong>libidinose</strong></span> <span class='ocrx_word' id='word_1_400' title='bbox 1249 2537 1300 2577; x_wconf 84' lang='lat' dir='ltr'><strong>fit,</strong></span> <span class='ocrx_word' id='word_1_401' title='bbox 1328 2537 1366 2569; x_wconf 89' lang='lat' dir='ltr'><strong>id</strong></span> <span class='ocrx_word' id='word_1_402' title='bbox 1390 2542 1475 2578; x_wconf 87' lang='lat' dir='ltr'><strong>tum,</strong></span> <span class='ocrx_word' id='word_1_403' title='bbox 1499 2548 1608 2581; x_wconf 87' lang='lat' dir='ltr'><strong>quum</strong></span> <span class='ocrx_word' id='word_1_404' title='bbox 1624 2547 1731 2581; x_wconf 80' lang='lat' dir='ltr'><strong>prae-</strong></span> 
     </span>
     <span class='ocr_line' id='line_1_40' title="bbox 296 2583 1730 2630; baseline -0.002 -11"><span class='ocrx_word' id='word_1_405' title='bbox 296 2588 366 2620; x_wconf 74' lang='lat' dir='ltr'><strong>mia</strong></span> <span class='ocrx_word' id='word_1_406' title='bbox 388 2586 484 2619; x_wconf 87' lang='lat' dir='ltr'><strong>bona</strong></span> <span class='ocrx_word' id='word_1_407' title='bbox 509 2591 545 2618; x_wconf 85' lang='lat' dir='ltr'><strong>et</strong></span> <span class='ocrx_word' id='word_1_408' title='bbox 571 2585 692 2630; x_wconf 81' lang='lat' dir='ltr'><strong>pulcra</strong></span> <span class='ocrx_word' id='word_1_409' title='bbox 711 2585 840 2618; x_wconf 84' lang='lat' dir='ltr'><strong>sanctis</strong></span> <span class='ocrx_word' id='word_1_410' title='bbox 865 2585 1038 2628; x_wconf 81' lang='lat' dir='ltr'><strong>iustisque</strong></span> <span class='ocrx_word' id='word_1_411' title='bbox 1055 2583 1245 2624; x_wconf 78' lang='lat' dir='ltr'><strong>dabuntur,</strong></span> <span class='ocrx_word' id='word_1_412' title='bbox 1269 2584 1431 2628; x_wconf 85' lang='lat' dir='ltr'><strong>peccanti</strong></span> <span class='ocrx_word' id='word_1_413' title='bbox 1454 2583 1730 2628; x_wconf 85' lang='lat' dir='ltr'><strong>multiplicatum</strong></span> 
     </span>
     <span class='ocr_line' id='line_1_41' title="bbox 295 2629 1729 2676; baseline -0.002 -10"><span class='ocrx_word' id='word_1_414' title='bbox 295 2633 350 2666; x_wconf 82' lang='lat' dir='ltr'><strong>iri.</strong></span> <span class='ocrx_word' id='word_1_415' title='bbox 399 2632 546 2667; x_wconf 81' lang='lat' dir='ltr'><strong>attende</strong></span> <span class='ocrx_word' id='word_1_416' title='bbox 581 2643 689 2672; x_wconf 87' lang='lat' dir='ltr'><strong>vero,</strong></span> <span class='ocrx_word' id='word_1_417' title='bbox 723 2642 815 2676; x_wconf 80' lang='lat' dir='ltr'><strong>quae</strong></span> <span class='ocrx_word' id='word_1_418' title='bbox 848 2642 951 2676; x_wconf 86' lang='lat' dir='ltr'><strong>porro</strong></span> <span class='ocrx_word' id='word_1_419' title='bbox 977 2631 1070 2664; x_wconf 79' lang='lat' dir='ltr'><strong>facta</strong></span> <span class='ocrx_word' id='word_1_420' title='bbox 1105 2631 1188 2664; x_wconf 87' lang='lat' dir='ltr'><strong>sint.</strong></span> <span class='ocrx_word' id='word_1_421' title='bbox 1237 2630 1326 2664; x_wconf 84' lang='lat' dir='ltr'><strong>dicit</strong></span> <span class='ocrx_word' id='word_1_422' title='bbox 1353 2631 1494 2674; x_wconf 75' lang='lat' dir='ltr'><strong>Moyses</strong></span> <span class='ocrx_word' id='word_1_423' title='bbox 1513 2629 1648 2674; x_wconf 80' lang='lat' dir='ltr'><strong>“atque</strong></span> <span class='ocrx_word' id='word_1_424' title='bbox 1671 2630 1729 2663; x_wconf 88' lang='lat' dir='ltr'><strong>in-</strong></span> 
     </span>
    </p>
   </div>
   <div class='ocr_carea' id='block_1_12' title="bbox 295 2677 1783 2725">
    <p class='ocr_par' dir='ltr' id='par_1_12' title="bbox 295 2677 1783 2725">
     <span class='ocr_line' id='line_1_42' title="bbox 295 2677 1783 2725; baseline -0.001 -13"><span class='ocrx_word' id='word_1_425' title='bbox 295 2691 433 2725; x_wconf 81' lang='lat' dir='ltr'><strong>gressus</strong></span> <span class='ocrx_word' id='word_1_426' title='bbox 459 2685 514 2713; x_wconf 85' lang='lat' dir='ltr'><strong>est</strong></span> <span class='ocrx_word' id='word_1_427' title='bbox 555 2689 669 2711; x_wconf 80' lang='lat' dir='ltr'><strong>arcam</strong></span> <span class='ocrx_word' id='word_1_428' title='bbox 692 2677 769 2711; x_wconf 81' lang='lat' dir='ltr'><strong>Noe</strong></span> <span class='ocrx_word' id='word_1_429' title='bbox 797 2683 834 2711; x_wconf 85' lang='lat' dir='ltr'><strong>et</strong></span> <span class='ocrx_word' id='word_1_430' title='bbox 864 2678 927 2711; x_wconf 77' lang='lat' dir='ltr'>filii</span> <span class='ocrx_word' id='word_1_431' title='bbox 953 2678 1028 2710; x_wconf 87' lang='lat' dir='ltr'><strong>eius</strong></span> <span class='ocrx_word' id='word_1_432' title='bbox 1061 2682 1098 2710; x_wconf 86' lang='lat' dir='ltr'><strong>et</strong></span> <span class='ocrx_word' id='word_1_433' title='bbox 1122 2689 1210 2710; x_wconf 80' lang='lat' dir='ltr'><strong>uxor</strong></span> <span class='ocrx_word' id='word_1_434' title='bbox 1233 2678 1308 2710; x_wconf 89' lang='lat' dir='ltr'><strong>eius</strong></span> <span class='ocrx_word' id='word_1_435' title='bbox 1343 2682 1381 2710; x_wconf 85' lang='lat' dir='ltr'><strong>et</strong></span> <span class='ocrx_word' id='word_1_436' title='bbox 1420 2687 1547 2710; x_wconf 79' lang='lat' dir='ltr'><strong>uxores</strong></span> <span class='ocrx_word' id='word_1_437' title='bbox 1573 2677 1728 2711; x_wconf 78' lang='lat' dir='ltr'><strong>filiorum</strong></span> <span class='ocrx_word' id='word_1_438' title='bbox 1778 2697 1783 2702; x_wconf 90' lang='lat'>·</span> 
     </span>
    </p>
   </div>
   <div class='ocr_carea' id='block_1_13' title="bbox 293 2723 1728 2773">
    <p class='ocr_par' dir='ltr' id='par_1_13' title="bbox 293 2723 1728 2773">
     <span class='ocr_line' id='line_1_43' title="bbox 293 2723 1728 2773; baseline -0.001 -14"><span class='ocrx_word' id='word_1_439' title='bbox 293 2724 408 2761; x_wconf 52' lang='lat' dir='ltr'><strong>eius?</strong></span> <span class='ocrx_word' id='word_1_440' title='bbox 458 2725 503 2760; x_wconf 85' lang='lat' dir='ltr'><strong>de</strong></span> <span class='ocrx_word' id='word_1_441' title='bbox 530 2724 750 2773; x_wconf 77' lang='lat' dir='ltr'><strong>ingressione</strong></span> <span class='ocrx_word' id='word_1_442' title='bbox 775 2724 885 2770; x_wconf 79' lang='lat' dir='ltr'><strong>igitur</strong></span> <span class='ocrx_word' id='word_1_443' title='bbox 911 2724 999 2759; x_wconf 84' lang='lat' dir='ltr'><strong>dicit</strong></span> <span class='ocrx_word' id='word_1_444' title='bbox 1020 2723 1220 2770; x_wconf 82' lang='lat' dir='ltr'><strong>“ingressus</strong></span> <span class='ocrx_word' id='word_1_445' title='bbox 1255 2729 1310 2759; x_wconf 78' lang='lat' dir='ltr'><strong>est</strong></span> <span class='ocrx_word' id='word_1_446' title='bbox 1332 2723 1408 2758; x_wconf 84' lang='lat' dir='ltr'><strong>Noe</strong></span> <span class='ocrx_word' id='word_1_447' title='bbox 1437 2729 1474 2757; x_wconf 85' lang='lat' dir='ltr'><strong>ct</strong></span> <span class='ocrx_word' id='word_1_448' title='bbox 1501 2723 1566 2757; x_wconf 81' lang='lat' dir='ltr'><strong>filii</strong></span> <span class='ocrx_word' id='word_1_449' title='bbox 1591 2723 1668 2758; x_wconf 71' lang='lat' dir='ltr'><strong>eius</strong></span> <span class='ocrx_word' id='word_1_450' title='bbox 1691 2729 1728 2758; x_wconf 82' lang='lat' dir='ltr'><strong>et</strong></span> 
     </span>
    </p>
   </div>
   <div class='ocr_carea' id='block_1_14' title="bbox 1786 2913 1799 3039">
    <p class='ocr_par' dir='ltr' id='par_1_14' title="bbox 1786 2913 1799 3039">
     <span class='ocr_line' id='line_1_44' title="bbox 1786 2913 1799 3039; textangle 90"><span class='ocrx_word' id='word_1_451' title='bbox 1795 3032 1797 3039; x_wconf 50' lang='lat'><em>„</em></span> <span class='ocrx_word' id='word_1_452' title='bbox 1786 2943 1799 3022; x_wconf 27' lang='grc' dir='ltr'><strong>-Ᾱκςψ-ςᾼ</strong></span> <span class='ocrx_word' id='word_1_453' title='bbox 1796 2913 1797 2916; x_wconf 28' lang='grc' dir='ltr'><em>Α</em></span> 
     </span>
    </p>
   </div>
  </div>
 </body>
</html>
