<?xml version="1.0" encoding="UTF-8"?>
<!DOCTYPE html PUBLIC "-//W3C//DTD XHTML 1.0 Transitional//EN"
    "http://www.w3.org/TR/xhtml1/DTD/xhtml1-transitional.dtd">
<html xmlns="http://www.w3.org/1999/xhtml" xml:lang="en" lang="en">
 <head>
  <title>
</title>
<meta http-equiv="Content-Type" content="text/html;charset=utf-8" />
  <meta name='ocr-system' content='tesseract 3.04.00' />
  <meta name='ocr-capabilities' content='ocr_page ocr_carea ocr_par ocr_line ocrx_word'/>
</head>
<body>
  <div class='ocr_page' id='page_1' title='image "./corpusscriptorum19niebuoft_0136.png"; bbox 0 0 1806 3190; ppageno 0'>
   <div class='ocr_carea' id='block_1_1' title="bbox 273 137 1273 203">
    <p class='ocr_par' dir='ltr' id='par_1_1' title="bbox 273 137 1273 203">
     <span class='ocr_line' id='line_1_1' title="bbox 273 137 1273 203; baseline 0.003 -12"><span class='ocrx_word' id='word_1_1' title='bbox 273 156 291 191; x_wconf 89' lang='lat'>1</span> <span class='ocrx_word' id='word_1_2' title='bbox 307 137 378 203; x_wconf 67' lang='lat'><strong>24</strong></span> <span class='ocrx_word' id='word_1_3' title='bbox 677 156 902 197; x_wconf 81' lang='lat' dir='ltr'>GEORGH</span> <span class='ocrx_word' id='word_1_4' title='bbox 954 140 1273 195; x_wconf 68' lang='lat' dir='ltr'><strong>PimANTzAi:</strong></span> 
     </span>
    </p>
   </div>
   <div class='ocr_carea' id='block_1_2' title="bbox 169 249 1785 1557">
    <p class='ocr_par' dir='ltr' id='par_1_2' title="bbox 261 249 1781 1421">
     <span class='ocr_line' id='line_1_2' title="bbox 265 249 1705 309; baseline 0.001 -14"><span class='ocrx_word' id='word_1_5' title='bbox 265 253 342 308; x_wconf 81' lang='grc' dir='ltr'><strong>κὺρ</strong></span> <span class='ocrx_word' id='word_1_6' title='bbox 375 251 591 309; x_wconf 78' lang='grc' dir='ltr'><em>Θεόδωρος</em></span> <span class='ocrx_word' id='word_1_7' title='bbox 632 252 823 306; x_wconf 74' lang='grc' dir='ltr'><em>ἐβούλετο</em></span> <span class='ocrx_word' id='word_1_8' title='bbox 853 254 1045 306; x_wconf 79' lang='grc' dir='ltr'><em>γενέσθαι</em></span> <span class='ocrx_word' id='word_1_9' title='bbox 1072 249 1279 306; x_wconf 77' lang='grc' dir='ltr'><em>μοναχός,</em></span> <span class='ocrx_word' id='word_1_10' title='bbox 1317 251 1389 294; x_wconf 79' lang='grc' dir='ltr'><strong><em>καί</em></strong></span> <span class='ocrx_word' id='word_1_11' title='bbox 1416 251 1438 293; x_wconf 79' lang='grc' dir='ltr'><em>ὅ</em></span> <span class='ocrx_word' id='word_1_12' title='bbox 1469 251 1546 307; x_wconf 79' lang='grc' dir='ltr'><strong>κύρ</strong></span> <span class='ocrx_word' id='word_1_13' title='bbox 1580 256 1705 296; x_wconf 87' lang='grc' dir='ltr'><em>Κων-</em></span> 
     </span>
     <span class='ocr_line' id='line_1_3' title="bbox 262 316 1702 375; baseline 0 -14"><span class='ocrx_word' id='word_1_14' title='bbox 262 324 475 368; x_wconf 81' lang='grc' dir='ltr'><em>σταντῖνος</em></span> <span class='ocrx_word' id='word_1_15' title='bbox 507 320 752 374; x_wconf 82' lang='grc' dir='ltr'><em>ἐναπομείνῃ</em></span> <span class='ocrx_word' id='word_1_16' title='bbox 783 319 983 373; x_wconf 63' lang='grc' dir='ltr'><em>αὐθέντης</em></span> <span class='ocrx_word' id='word_1_17' title='bbox 1012 322 1071 368; x_wconf 81' lang='grc' dir='ltr'><strong>εἰς</strong></span> <span class='ocrx_word' id='word_1_18' title='bbox 1099 319 1238 361; x_wconf 79' lang='grc' dir='ltr'><em>πᾶσαν</em></span> <span class='ocrx_word' id='word_1_19' title='bbox 1266 316 1340 372; x_wconf 74' lang='grc' dir='ltr'><em>την</em></span> <span class='ocrx_word' id='word_1_20' title='bbox 1367 318 1702 375; x_wconf 78' lang='grc' dir='ltr'><em>Πελοπόννησον·</em></span> 
     </span>
     <span class='ocr_line' id='line_1_4' title="bbox 262 379 1704 439; baseline 0.001 -13"><span class='ocrx_word' id='word_1_21' title='bbox 262 382 305 433; x_wconf 82' lang='grc' dir='ltr'><strong>ὃς</strong></span> <span class='ocrx_word' id='word_1_22' title='bbox 332 383 635 438; x_wconf 67' lang='grc' dir='ltr'><em>μεταμεληθεὶς</em></span> <span class='ocrx_word' id='word_1_23' title='bbox 663 380 832 437; x_wconf 74' lang='grc' dir='ltr'><em>ὕστερον</em></span> <span class='ocrx_word' id='word_1_24' title='bbox 861 384 938 425; x_wconf 74' lang='grc' dir='ltr'><strong>οὔκ</strong></span> <span class='ocrx_word' id='word_1_25' title='bbox 965 385 1125 438; x_wconf 76' lang='grc' dir='ltr'><em>ἐγένετο</em></span> <span class='ocrx_word' id='word_1_26' title='bbox 1154 399 1262 436; x_wconf 87' lang='grc' dir='ltr'><em>μονα</em></span> <span class='ocrx_word' id='word_1_27' title='bbox 1264 381 1353 437; x_wconf 78' lang='grc' dir='ltr'><strong>χός.</strong></span> <span class='ocrx_word' id='word_1_28' title='bbox 1381 387 1478 435; x_wconf 75' lang='grc' dir='ltr'><strong>μεθ’</strong></span> <span class='ocrx_word' id='word_1_29' title='bbox 1506 379 1564 426; x_wconf 75' lang='grc' dir='ltr'><strong>ὧν</strong></span> <span class='ocrx_word' id='word_1_30' title='bbox 1591 382 1704 439; x_wconf 77' lang='grc' dir='ltr'><strong>κιίγώ</strong></span> 
     </span>
     <span class='ocr_line' id='line_1_5' title="bbox 262 445 1709 507; baseline 0 -17"><span class='ocrx_word' id='word_1_31' title='bbox 262 450 377 507; x_wconf 73' lang='grc' dir='ltr'><em>ἀρχῇ</em></span> <span class='ocrx_word' id='word_1_32' title='bbox 404 451 462 497; x_wconf 86' lang='grc' dir='ltr'><strong>εἰς</strong></span> <span class='ocrx_word' id='word_1_33' title='bbox 489 450 566 502; x_wconf 75' lang='grc' dir='ltr'><em>την</em></span> <span class='ocrx_word' id='word_1_34' title='bbox 593 449 914 503; x_wconf 86' lang='grc' dir='ltr'><em>Πελοπόννησον</em></span> <span class='ocrx_word' id='word_1_35' title='bbox 941 445 1086 504; x_wconf 74' lang='grc' dir='ltr'><em>ἦλθον,</em></span> <span class='ocrx_word' id='word_1_36' title='bbox 1115 450 1175 497; x_wconf 81' lang='grc' dir='ltr'><strong>εἰς</strong></span> <span class='ocrx_word' id='word_1_37' title='bbox 1203 447 1456 503; x_wconf 78' lang='grc' dir='ltr'><em>δουλοσύνην</em></span> <span class='ocrx_word' id='word_1_38' title='bbox 1486 451 1559 490; x_wconf 81' lang='grc' dir='ltr'><em>τοῦ</em></span> <span class='ocrx_word' id='word_1_39' title='bbox 1585 452 1709 503; x_wconf 83' lang='grc' dir='ltr'><em>βασι-</em></span> 
     </span>
     <span class='ocr_line' id='line_1_6' title="bbox 263 509 1746 567; baseline 0 -10"><span class='ocrx_word' id='word_1_40' title='bbox 263 517 366 564; x_wconf 86' lang='grc' dir='ltr'><em>λέως</em></span> <span class='ocrx_word' id='word_1_41' title='bbox 393 517 468 556; x_wconf 82' lang='grc' dir='ltr'><em>τοῦ</em></span> <span class='ocrx_word' id='word_1_42' title='bbox 487 515 693 556; x_wconf 76' lang='grc' dir='ltr'><em>αὐθέντου</em></span> <span class='ocrx_word' id='word_1_43' title='bbox 708 531 790 566; x_wconf 88' lang='grc' dir='ltr'><strong>μου</strong></span> <span class='ocrx_word' id='word_1_44' title='bbox 820 509 889 567; x_wconf 67' lang='grc' dir='ltr'><strong>ὧν,</strong></span> <span class='ocrx_word' id='word_1_45' title='bbox 918 518 991 556; x_wconf 79' lang='grc' dir='ltr'><strong>καί</strong></span> <span class='ocrx_word' id='word_1_46' title='bbox 1019 514 1086 556; x_wconf 82' lang='grc' dir='ltr'><strong>ἳνα</strong></span> <span class='ocrx_word' id='word_1_47' title='bbox 1114 515 1335 567; x_wconf 75' lang='grc' dir='ltr'><em>α’ποβλέηω</em></span> <span class='ocrx_word' id='word_1_48' title='bbox 1365 514 1436 555; x_wconf 84' lang='grc' dir='ltr'>καί</span> <span class='ocrx_word' id='word_1_49' title='bbox 1464 513 1532 557; x_wconf 86' lang='grc' dir='ltr'><em>τὸν</em></span> <span class='ocrx_word' id='word_1_50' title='bbox 1560 514 1746 558; x_wconf 69' lang='lat' dir='ltr'><strong>‹reond-5</strong></span> 
     </span>
     <span class='ocr_line' id='line_1_7' title="bbox 263 578 1710 635; baseline 0 -14"><span class='ocrx_word' id='word_1_51' title='bbox 263 597 336 635; x_wconf 89' lang='grc' dir='ltr'><em>την</em></span> <span class='ocrx_word' id='word_1_52' title='bbox 368 579 444 633; x_wconf 84' lang='grc' dir='ltr'><strong>κύρ</strong></span> <span class='ocrx_word' id='word_1_53' title='bbox 474 583 791 622; x_wconf 82' lang='grc' dir='ltr'><em>Κωνσταντῖνον</em></span> <span class='ocrx_word' id='word_1_54' title='bbox 829 582 882 621; x_wconf 75' lang='grc' dir='ltr'><strong>δι’</strong></span> <span class='ocrx_word' id='word_1_55' title='bbox 911 582 1048 622; x_wconf 79' lang='grc' dir='ltr'><em>αἰτίαν</em></span> <span class='ocrx_word' id='word_1_56' title='bbox 1077 579 1284 635; x_wconf 82' lang='grc' dir='ltr'><em>τοιαύτην.</em></span> <span class='ocrx_word' id='word_1_57' title='bbox 1350 578 1417 622; x_wconf 79' lang='grc' dir='ltr'><em>ὅτε</em></span> <span class='ocrx_word' id='word_1_58' title='bbox 1446 580 1467 622; x_wconf 87' lang='lat' dir='ltr'><strong>o‘</strong></span> <span class='ocrx_word' id='word_1_59' title='bbox 1500 579 1710 635; x_wconf 79' lang='grc' dir='ltr'><em>μακάριος</em></span> 
     </span>
     <span class='ocr_line' id='line_1_8' title="bbox 262 643 1710 701; baseline 0 -14"><span class='ocrx_word' id='word_1_60' title='bbox 262 644 335 687; x_wconf 84' lang='grc' dir='ltr'>καί</span> <span class='ocrx_word' id='word_1_61' title='bbox 360 646 549 698; x_wconf 70' lang='grc' dir='ltr'><em>ἀοίδιμος</em></span> <span class='ocrx_word' id='word_1_62' title='bbox 568 645 706 700; x_wconf 73' lang='grc' dir='ltr'><em>πατὴρ</em></span> <span class='ocrx_word' id='word_1_63' title='bbox 740 646 880 688; x_wconf 67' lang='grc' dir='ltr'><em>αὐτῶν</em></span> <span class='ocrx_word' id='word_1_64' title='bbox 907 643 1045 700; x_wconf 73' lang='grc' dir='ltr'><em>ἤγγιζε</em></span> <span class='ocrx_word' id='word_1_65' title='bbox 1074 645 1178 701; x_wconf 82' lang='grc' dir='ltr'><em>πρὸς</em></span> <span class='ocrx_word' id='word_1_66' title='bbox 1205 645 1248 688; x_wconf 87' lang='grc' dir='ltr'><em>τὸ</em></span> <span class='ocrx_word' id='word_1_67' title='bbox 1281 648 1524 697; x_wconf 73' lang='grc' dir='ltr'><em>α’ποθανεῖν,</em></span> <span class='ocrx_word' id='word_1_68' title='bbox 1558 648 1710 700; x_wconf 81' lang='grc' dir='ltr'><em>προσέ-</em></span> 
     </span>
     <span class='ocr_line' id='line_1_9' title="bbox 261 709 1711 767; baseline 0.001 -15"><span class='ocrx_word' id='word_1_69' title='bbox 261 714 358 761; x_wconf 80' lang='grc' dir='ltr'><em>ταξέ</em></span> <span class='ocrx_word' id='word_1_70' title='bbox 383 726 436 764; x_wconf 87' lang='grc' dir='ltr'><strong>με</strong></span> <span class='ocrx_word' id='word_1_71' title='bbox 466 714 538 753; x_wconf 83' lang='grc' dir='ltr'>καί</span> <span class='ocrx_word' id='word_1_72' title='bbox 565 711 732 767; x_wconf 83' lang='grc' dir='ltr'><em>ἔγραψα</em></span> <span class='ocrx_word' id='word_1_73' title='bbox 761 715 938 754; x_wconf 82' lang='grc' dir='ltr'><em>τοιαῦτα</em></span> <span class='ocrx_word' id='word_1_74' title='bbox 965 713 1260 766; x_wconf 82' lang='grc' dir='ltr'><em>οἰκειοχείρως,</em></span> <span class='ocrx_word' id='word_1_75' title='bbox 1292 711 1393 765; x_wconf 71' lang='grc' dir='ltr'><strong>οὐχί</strong></span> <span class='ocrx_word' id='word_1_76' title='bbox 1418 711 1475 761; x_wconf 78' lang='grc' dir='ltr'><strong>ὥς</strong></span> <span class='ocrx_word' id='word_1_77' title='bbox 1502 709 1711 767; x_wconf 74' lang='grc' dir='ltr'><em>διαθήκην</em></span> 
     </span>
     <span class='ocr_line' id='line_1_10' title="bbox 264 774 1710 833; baseline 0.001 -15"><span class='ocrx_word' id='word_1_78' title='bbox 264 779 395 819; x_wconf 70' lang='grc' dir='ltr'><em>αὐτοῦ</em></span> <span class='ocrx_word' id='word_1_79' title='bbox 415 794 424 805; x_wconf 86' lang='grc'><em>·</em></span> <span class='ocrx_word' id='word_1_80' title='bbox 498 774 547 819; x_wconf 81' lang='grc' dir='ltr'><strong>οὗ</strong></span> <span class='ocrx_word' id='word_1_81' title='bbox 579 777 657 833; x_wconf 74' lang='grc' dir='ltr'><strong>γὰρ</strong></span> <span class='ocrx_word' id='word_1_82' title='bbox 703 780 952 820; x_wconf 77' lang='grc' dir='ltr'><em>διατιθεῖσιν</em></span> <span class='ocrx_word' id='word_1_83' title='bbox 988 776 1026 819; x_wconf 84' lang='grc' dir='ltr'><strong>οἱ</strong></span> <span class='ocrx_word' id='word_1_84' title='bbox 1054 782 1262 831; x_wconf 80' lang='grc' dir='ltr'><em>βασιλεῖς,</em></span> <span class='ocrx_word' id='word_1_85' title='bbox 1294 776 1398 819; x_wconf 82' lang='grc' dir='ltr'><em>α’λλιὶ</em></span> <span class='ocrx_word' id='word_1_86' title='bbox 1429 777 1710 832; x_wconf 78' lang='grc' dir='ltr'><em>προστάττου-</em></span> 
     </span>
     <span class='ocr_line' id='line_1_11' title="bbox 263 838 1776 899; baseline -0.002 -14"><span class='ocrx_word' id='word_1_87' title='bbox 263 859 340 886; x_wconf 89' lang='grc' dir='ltr'><em>σιν.</em></span> <span class='ocrx_word' id='word_1_88' title='bbox 397 844 441 885; x_wconf 80' lang='grc' dir='ltr'><strong>ἑν</strong></span> <span class='ocrx_word' id='word_1_89' title='bbox 487 838 514 899; x_wconf 81' lang='grc' dir='ltr'><strong><em>ᾖ</em></strong></span> <span class='ocrx_word' id='word_1_90' title='bbox 542 842 758 899; x_wconf 79' lang='grc' dir='ltr'><em>προστάξει</em></span> <span class='ocrx_word' id='word_1_91' title='bbox 803 845 1019 899; x_wconf 77' lang='grc' dir='ltr'><em>διωρίζετο</em></span> <span class='ocrx_word' id='word_1_92' title='bbox 1045 845 1144 885; x_wconf 72' lang='grc' dir='ltr'><em>τάδε</em></span> <span class='ocrx_word' id='word_1_93' title='bbox 1172 841 1278 898; x_wconf 75' lang='grc' dir='ltr'><em>ἅπερ</em></span> <span class='ocrx_word' id='word_1_94' title='bbox 1311 844 1384 884; x_wconf 81' lang='grc' dir='ltr'><em>καί</em></span> <span class='ocrx_word' id='word_1_95' title='bbox 1413 841 1582 897; x_wconf 78' lang='grc' dir='ltr'><em>ἔγραψα</em></span> <span class='ocrx_word' id='word_1_96' title='bbox 1601 874 1612 895; x_wconf 87' lang='grc'>,</span> <span class='ocrx_word' id='word_1_97' title='bbox 1643 843 1710 886; x_wconf 80' lang='grc' dir='ltr'><strong>ἵνα</strong></span> <span class='ocrx_word' id='word_1_98' title='bbox 1732 857 1776 883; x_wconf 89' lang='grc' dir='ltr'><strong>ιο</strong></span> 
     </span>
     <span class='ocr_line' id='line_1_12' title="bbox 264 906 1715 964; baseline -0.001 -14"><span class='ocrx_word' id='word_1_99' title='bbox 264 907 337 964; x_wconf 74' lang='grc' dir='ltr'><strong>ἔχῃ</strong></span> <span class='ocrx_word' id='word_1_100' title='bbox 366 909 540 957; x_wconf 79' lang='grc' dir='ltr'><em>ἕκαστος</em></span> <span class='ocrx_word' id='word_1_101' title='bbox 568 911 652 950; x_wconf 76' lang='grc' dir='ltr'><em>τῶν</em></span> <span class='ocrx_word' id='word_1_102' title='bbox 676 907 781 950; x_wconf 74' lang='grc' dir='ltr'><em>υἱῶν</em></span> <span class='ocrx_word' id='word_1_103' title='bbox 810 909 944 951; x_wconf 72' lang='grc' dir='ltr'><em>αὐτοῦ</em></span> <span class='ocrx_word' id='word_1_104' title='bbox 986 908 1008 949; x_wconf 79' lang='grc' dir='ltr'>ὁ</span> <span class='ocrx_word' id='word_1_105' title='bbox 1035 910 1112 960; x_wconf 79' lang='grc' dir='ltr'><strong>μὲν</strong></span> <span class='ocrx_word' id='word_1_106' title='bbox 1144 907 1238 950; x_wconf 72' lang='grc' dir='ltr'><em>τόιΐε</em></span> <span class='ocrx_word' id='word_1_107' title='bbox 1269 909 1290 949; x_wconf 83' lang='grc' dir='ltr'><strong><em>ὖ</em></strong></span> <span class='ocrx_word' id='word_1_108' title='bbox 1321 910 1366 950; x_wconf 78' lang='grc' dir='ltr'><strong>δὲ</strong></span> <span class='ocrx_word' id='word_1_109' title='bbox 1396 906 1492 950; x_wconf 73' lang='grc' dir='ltr'><em>τόδε</em></span> <span class='ocrx_word' id='word_1_110' title='bbox 1522 907 1604 949; x_wconf 81' lang='grc' dir='ltr'><strong>α’πὸ</strong></span> <span class='ocrx_word' id='word_1_111' title='bbox 1631 909 1715 950; x_wconf 77' lang='grc' dir='ltr'><em>τῶν</em></span> 
     </span>
     <span class='ocr_line' id='line_1_13' title="bbox 263 971 1716 1030; baseline 0 -14"><span class='ocrx_word' id='word_1_112' title='bbox 263 975 383 1017; x_wconf 75' lang='grc' dir='ltr'><em>ἰδίων</em></span> <span class='ocrx_word' id='word_1_113' title='bbox 423 975 554 1016; x_wconf 78' lang='grc' dir='ltr'><em>αὐτοῦ</em></span> <span class='ocrx_word' id='word_1_114' title='bbox 592 972 799 1030; x_wconf 79' lang='grc' dir='ltr'><em>λαφύρων</em></span> <span class='ocrx_word' id='word_1_115' title='bbox 835 976 908 1016; x_wconf 84' lang='grc' dir='ltr'><em>καί</em></span> <span class='ocrx_word' id='word_1_116' title='bbox 933 977 1063 1016; x_wconf 76' lang='grc' dir='ltr'><em>λίθων</em></span> <span class='ocrx_word' id='word_1_117' title='bbox 1103 976 1340 1026; x_wconf 85' lang='grc' dir='ltr'><em>πολυτίμων</em></span> <span class='ocrx_word' id='word_1_118' title='bbox 1382 975 1455 1016; x_wconf 79' lang='grc' dir='ltr'>καί</span> <span class='ocrx_word' id='word_1_119' title='bbox 1490 971 1716 1027; x_wconf 72' lang='grc' dir='ltr'><em>ἀξιολόγων</em></span> 
     </span>
     <span class='ocr_line' id='line_1_14' title="bbox 263 1035 1717 1095; baseline -0.001 -13"><span class='ocrx_word' id='word_1_120' title='bbox 263 1041 398 1094; x_wconf 72' lang='grc' dir='ltr'><em>εἰδῶν,</em></span> <span class='ocrx_word' id='word_1_121' title='bbox 430 1042 504 1081; x_wconf 83' lang='grc' dir='ltr'><em>καί</em></span> <span class='ocrx_word' id='word_1_122' title='bbox 530 1038 579 1082; x_wconf 62' lang='lat' dir='ltr'><strong>ra*</strong></span> <span class='ocrx_word' id='word_1_123' title='bbox 610 1038 733 1081; x_wconf 74' lang='grc' dir='ltr'><em>λοιπὰ</em></span> <span class='ocrx_word' id='word_1_124' title='bbox 764 1041 837 1095; x_wconf 82' lang='grc' dir='ltr'><em>τῆς</em></span> <span class='ocrx_word' id='word_1_125' title='bbox 870 1040 1015 1089; x_wconf 74' lang='grc' dir='ltr'><em>οὐσίας</em></span> <span class='ocrx_word' id='word_1_126' title='bbox 1047 1040 1184 1081; x_wconf 73' lang='grc' dir='ltr'><em>αὐτοῦ</em></span> <span class='ocrx_word' id='word_1_127' title='bbox 1212 1035 1341 1094; x_wconf 74' lang='grc' dir='ltr'><em>ἤγουν</em></span> <span class='ocrx_word' id='word_1_128' title='bbox 1367 1041 1441 1094; x_wconf 80' lang='grc' dir='ltr'><em>τῆς</em></span> <span class='ocrx_word' id='word_1_129' title='bbox 1470 1038 1552 1082; x_wconf 80' lang='grc' dir='ltr'><strong>ἔσω</strong></span> <span class='ocrx_word' id='word_1_130' title='bbox 1581 1043 1717 1080; x_wconf 85' lang='grc' dir='ltr'><em>παλα-</em></span> 
     </span>
     <span class='ocr_line' id='line_1_15' title="bbox 264 1104 1716 1161; baseline -0.003 -12"><span class='ocrx_word' id='word_1_131' title='bbox 264 1108 375 1157; x_wconf 83' lang='grc' dir='ltr'><em>τίου,</em></span> <span class='ocrx_word' id='word_1_132' title='bbox 425 1105 642 1160; x_wconf 80' lang='grc' dir='ltr'><em>ἶματισμοί</em></span> <span class='ocrx_word' id='word_1_133' title='bbox 685 1105 758 1147; x_wconf 86' lang='grc' dir='ltr'><strong><em>καί</em></strong></span> <span class='ocrx_word' id='word_1_134' title='bbox 796 1106 1082 1160; x_wconf 83' lang='grc' dir='ltr'><em>παρασκευαί,</em></span> <span class='ocrx_word' id='word_1_135' title='bbox 1128 1104 1196 1146; x_wconf 78' lang='grc' dir='ltr'><strong>ἵνα</strong></span> <span class='ocrx_word' id='word_1_136' title='bbox 1234 1106 1418 1161; x_wconf 72' lang='grc' dir='ltr'><em>μερισθῇ</em></span> <span class='ocrx_word' id='word_1_137' title='bbox 1450 1106 1510 1154; x_wconf 86' lang='grc' dir='ltr'><strong>εἷς</strong></span> <span class='ocrx_word' id='word_1_138' title='bbox 1531 1107 1716 1160; x_wconf 82' lang='grc' dir='ltr'><em>τέσσαρα</em></span> 
     </span>
     <span class='ocr_line' id='line_1_16' title="bbox 263 1167 1781 1228; baseline -0.001 -14"><span class='ocrx_word' id='word_1_139' title='bbox 263 1174 391 1228; x_wconf 83' lang='grc' dir='ltr'><em>μέρη,</em></span> <span class='ocrx_word' id='word_1_140' title='bbox 442 1175 501 1221; x_wconf 84' lang='grc' dir='ltr'><strong>εἰς</strong></span> <span class='ocrx_word' id='word_1_141' title='bbox 529 1169 829 1226; x_wconf 80' lang='grc' dir='ltr'><em>παραστάσιμα</em></span> <span class='ocrx_word' id='word_1_142' title='bbox 857 1170 929 1212; x_wconf 82' lang='grc' dir='ltr'><em>καί</em></span> <span class='ocrx_word' id='word_1_143' title='bbox 955 1170 1219 1225; x_wconf 73' lang='grc' dir='ltr'><em>λειτουργίας</em></span> <span class='ocrx_word' id='word_1_144' title='bbox 1242 1167 1349 1224; x_wconf 67' lang='grc' dir='ltr'><em>ὑπὲρ</em></span> <span class='ocrx_word' id='word_1_145' title='bbox 1381 1171 1511 1212; x_wconf 71' lang='grc' dir='ltr'><em>αὕτοιῗ</em></span> <span class='ocrx_word' id='word_1_146' title='bbox 1540 1172 1714 1212; x_wconf 83' lang='grc' dir='ltr'><em>κατεπὲ-</em></span> <span class='ocrx_word' id='word_1_147' title='bbox 1735 1173 1781 1215; x_wconf 82' lang='lat'><strong>15</strong></span> 
     </span>
     <span class='ocr_line' id='line_1_17' title="bbox 264 1233 1712 1292; baseline 0 -14"><span class='ocrx_word' id='word_1_148' title='bbox 264 1253 379 1278; x_wconf 85' lang='grc' dir='ltr'><em>κεινα</em></span> <span class='ocrx_word' id='word_1_149' title='bbox 410 1239 491 1279; x_wconf 76' lang='grc' dir='ltr'><em>τῶν</em></span> <span class='ocrx_word' id='word_1_150' title='bbox 519 1236 714 1292; x_wconf 72' lang='grc' dir='ltr'><em>συνήθων</em></span> <span class='ocrx_word' id='word_1_151' title='bbox 733 1268 745 1289; x_wconf 90' lang='grc'><strong><em>,</em></strong></span> <span class='ocrx_word' id='word_1_152' title='bbox 787 1235 817 1277; x_wconf 76' lang='grc' dir='ltr'>ιῖ</span> <span class='ocrx_word' id='word_1_153' title='bbox 855 1239 1087 1286; x_wconf 74' lang='grc' dir='ltr'><em>πολυτελῶς</em></span> <span class='ocrx_word' id='word_1_154' title='bbox 1126 1236 1198 1278; x_wconf 86' lang='grc' dir='ltr'><em>καί</em></span> <span class='ocrx_word' id='word_1_155' title='bbox 1229 1239 1366 1286; x_wconf 79' lang='grc' dir='ltr'><em>καλῶς</em></span> <span class='ocrx_word' id='word_1_156' title='bbox 1395 1233 1631 1291; x_wconf 75' lang='grc' dir='ltr'><em>ἐδόθησαν,</em></span> <span class='ocrx_word' id='word_1_157' title='bbox 1661 1235 1712 1278; x_wconf 70' lang='grc' dir='ltr'><em>τὰ</em></span> 
     </span>
     <span class='ocr_line' id='line_1_18' title="bbox 268 1299 1722 1358; baseline -0.001 -15"><span class='ocrx_word' id='word_1_158' title='bbox 268 1304 315 1344; x_wconf 76' lang='grc' dir='ltr'><strong>δὲ</strong></span> <span class='ocrx_word' id='word_1_159' title='bbox 343 1305 462 1357; x_wconf 72' lang='grc' dir='ltr'><em>ἕτερα</em></span> <span class='ocrx_word' id='word_1_160' title='bbox 503 1304 601 1357; x_wconf 85' lang='grc' dir='ltr'><em>τρία</em></span> <span class='ocrx_word' id='word_1_161' title='bbox 641 1303 749 1358; x_wconf 83' lang='grc' dir='ltr'><em>μέρη</em></span> <span class='ocrx_word' id='word_1_162' title='bbox 793 1303 852 1351; x_wconf 86' lang='grc' dir='ltr'><strong>εἰς</strong></span> <span class='ocrx_word' id='word_1_163' title='bbox 880 1300 1100 1355; x_wconf 76' lang='grc' dir='ltr'><em>πτωχούς,</em></span> <span class='ocrx_word' id='word_1_164' title='bbox 1138 1303 1199 1351; x_wconf 80' lang='grc' dir='ltr'><strong>εἷς</strong></span> <span class='ocrx_word' id='word_1_165' title='bbox 1227 1301 1398 1356; x_wconf 77' lang='grc' dir='ltr'><em>ἰατρούς</em></span> <span class='ocrx_word' id='word_1_166' title='bbox 1437 1304 1508 1343; x_wconf 83' lang='grc' dir='ltr'><em>καί</em></span> <span class='ocrx_word' id='word_1_167' title='bbox 1538 1301 1596 1348; x_wconf 82' lang='grc' dir='ltr'><strong>εἰς</strong></span> <span class='ocrx_word' id='word_1_168' title='bbox 1623 1299 1722 1349; x_wconf 61' lang='grc' dir='ltr'><em>τοῦς</em></span> 
     </span>
     <span class='ocr_line' id='line_1_19' title="bbox 267 1363 1721 1421; baseline -0.002 -11"><span class='ocrx_word' id='word_1_169' title='bbox 267 1369 403 1410; x_wconf 71' lang='grc' dir='ltr'><em>αὐτοῦ</em></span> <span class='ocrx_word' id='word_1_170' title='bbox 432 1367 682 1417; x_wconf 83' lang='grc' dir='ltr'><em>κελλιώτας·</em></span> <span class='ocrx_word' id='word_1_171' title='bbox 752 1370 966 1421; x_wconf 82' lang='grc' dir='ltr'><em>ἐπίτροποι</em></span> <span class='ocrx_word' id='word_1_172' title='bbox 1006 1369 1052 1410; x_wconf 73' lang='grc' dir='ltr'><strong>δὲ</strong></span> <span class='ocrx_word' id='word_1_173' title='bbox 1087 1363 1190 1409; x_wconf 70' lang='grc' dir='ltr'><em>αἷσιν</em></span> <span class='ocrx_word' id='word_1_174' title='bbox 1227 1366 1249 1408; x_wconf 80' lang='grc' dir='ltr'>ὅ</span> <span class='ocrx_word' id='word_1_175' title='bbox 1276 1366 1556 1420; x_wconf 83' lang='grc' dir='ltr'><em>πνευματικὸς</em></span> <span class='ocrx_word' id='word_1_176' title='bbox 1586 1367 1721 1408; x_wconf 71' lang='grc' dir='ltr'><em>αὐτοῦ</em></span> 
     </span>
    </p>

    <p class='ocr_par' dir='ltr' id='par_1_3' title="bbox 269 1429 1718 1492">
     <span class='ocr_line' id='line_1_20' title="bbox 269 1429 1718 1492; baseline -0.002 -15"><span class='ocrx_word' id='word_1_177' title='bbox 269 1431 289 1477; x_wconf 82' lang='grc' dir='ltr'><em>ὃ</em></span> <span class='ocrx_word' id='word_1_178' title='bbox 323 1435 366 1476; x_wconf 82' lang='grc' dir='ltr'><strong>ἐν</strong></span> <span class='ocrx_word' id='word_1_179' title='bbox 404 1437 456 1492; x_wconf 82' lang='grc' dir='ltr'><em>τῇ</em></span> <span class='ocrx_word' id='word_1_180' title='bbox 482 1437 563 1476; x_wconf 78' lang='grc' dir='ltr'><em>τῶν</em></span> <span class='ocrx_word' id='word_1_181' title='bbox 591 1431 905 1480; x_wconf 75' lang='grc' dir='ltr'><em>Ξανθοπούλων</em></span> <span class='ocrx_word' id='word_1_182' title='bbox 930 1435 1038 1490; x_wconf 81' lang='grc' dir='ltr'><em>μονῇ</em></span> <span class='ocrx_word' id='word_1_183' title='bbox 1067 1430 1294 1489; x_wconf 78' lang='grc' dir='ltr'><em>Μακάριος</em></span> <span class='ocrx_word' id='word_1_184' title='bbox 1336 1433 1362 1474; x_wconf 79' lang='lat' dir='ltr'><strong>o‘</strong></span> <span class='ocrx_word' id='word_1_185' title='bbox 1397 1435 1441 1484; x_wconf 81' lang='grc' dir='ltr'><strong>ἐξ</strong></span> <span class='ocrx_word' id='word_1_186' title='bbox 1473 1429 1718 1487; x_wconf 77' lang='grc' dir='ltr'><em>Ἰουδαίων,</em></span> 
     </span>
    </p>

    <p class='ocr_par' dir='ltr' id='par_1_4' title="bbox 169 1497 1785 1557">
     <span class='ocr_line' id='line_1_21' title="bbox 169 1497 1785 1557; baseline 0.002 -16"><span class='ocrx_word' id='word_1_187' title='bbox 169 1500 173 1506; x_wconf 93' lang='grc'><strong>’</strong></span> <span class='ocrx_word' id='word_1_188' title='bbox 230 1499 292 1541; x_wconf 83' lang='grc' dir='ltr'>Βὸ</span> <span class='ocrx_word' id='word_1_189' title='bbox 323 1499 572 1549; x_wconf 75' lang='grc' dir='ltr'><em>διδάσκαλος</em></span> <span class='ocrx_word' id='word_1_190' title='bbox 597 1498 755 1556; x_wconf 71' lang='grc' dir='ltr'><em>Ἰωσήφ</em></span> <span class='ocrx_word' id='word_1_191' title='bbox 789 1501 834 1542; x_wconf 81' lang='grc' dir='ltr'><strong>ἐν</strong></span> <span class='ocrx_word' id='word_1_192' title='bbox 863 1502 915 1557; x_wconf 80' lang='grc' dir='ltr'><em>τῇ</em></span> <span class='ocrx_word' id='word_1_193' title='bbox 944 1501 1018 1543; x_wconf 84' lang='grc' dir='ltr'><em>τοῦ</em></span> <span class='ocrx_word' id='word_1_194' title='bbox 1049 1499 1338 1556; x_wconf 87' lang='grc' dir='ltr'><em>Χαρσιανίτου</em></span> <span class='ocrx_word' id='word_1_195' title='bbox 1365 1501 1476 1557; x_wconf 77' lang='grc' dir='ltr'><em>μονῇ</em></span> <span class='ocrx_word' id='word_1_196' title='bbox 1485 1533 1497 1552; x_wconf 82' lang='grc'><strong><em>,</em></strong></span> <span class='ocrx_word' id='word_1_197' title='bbox 1524 1497 1598 1540; x_wconf 76' lang='grc' dir='ltr'><strong>καὶ</strong></span> <span class='ocrx_word' id='word_1_198' title='bbox 1625 1498 1785 1552; x_wconf 61' lang='grc' dir='ltr'><em>ἐγώ.αο</em></span> 
     </span>
    </p>
   </div>
   <div class='ocr_carea' id='block_1_3' title="bbox 1752 0 1806 1367">
    <p class='ocr_par' dir='ltr' id='par_1_5' title="bbox 1752 0 1806 1367">
     <span class='ocr_line' id='line_1_22' title="bbox 1752 0 1806 929; baseline 2.611 -131"><span class='ocrx_word' id='word_1_199' title='bbox 1752 0 1806 929; x_wconf 95' lang='lat' dir='ltr'><strong>  </strong></span> 
     </span>
     <span class='ocr_line' id='line_1_23' title="bbox 1782 929 1806 1367; baseline 0 1823"><span class='ocrx_word' id='word_1_200' title='bbox 1782 929 1806 1367; x_wconf 95' lang='lat' dir='ltr'><strong> </strong></span> 
     </span>
    </p>
   </div>
   <div class='ocr_carea' id='block_1_4' title="bbox 362 1645 1725 1879">
    <p class='ocr_par' dir='ltr' id='par_1_6' title="bbox 362 1645 1725 1879">
     <span class='ocr_line' id='line_1_24' title="bbox 365 1645 1721 1698; baseline -0.003 -12"><span class='ocrx_word' id='word_1_201' title='bbox 365 1653 396 1686; x_wconf 84' lang='lat'><strong>3.</strong></span> <span class='ocrx_word' id='word_1_202' title='bbox 418 1649 583 1697; x_wconf 83' lang='grc' dir='ltr'><em>μοναχός</em></span> <span class='ocrx_word' id='word_1_203' title='bbox 611 1661 667 1683; x_wconf 88' lang='lat' dir='ltr'><strong>om</strong></span> <span class='ocrx_word' id='word_1_204' title='bbox 691 1650 716 1682; x_wconf 88' lang='lat' dir='ltr'>P</span> <span class='ocrx_word' id='word_1_205' title='bbox 859 1650 890 1693; x_wconf 78' lang='grc'><strong>4.</strong></span> <span class='ocrx_word' id='word_1_206' title='bbox 918 1648 1030 1698; x_wconf 72' lang='grc' dir='ltr'><em>ἀρχῇ]</em></span> <span class='ocrx_word' id='word_1_207' title='bbox 1055 1649 1204 1695; x_wconf 79' lang='grc' dir='ltr'><em>πρῶτον</em></span> <span class='ocrx_word' id='word_1_208' title='bbox 1228 1649 1252 1681; x_wconf 88' lang='grc' dir='ltr'>Ρ</span> <span class='ocrx_word' id='word_1_209' title='bbox 1397 1650 1428 1683; x_wconf 85' lang='grc'><strong>5.</strong></span> <span class='ocrx_word' id='word_1_210' title='bbox 1452 1647 1517 1683; x_wconf 83' lang='grc' dir='ltr'><em>τοῦ</em></span> <span class='ocrx_word' id='word_1_211' title='bbox 1541 1645 1721 1682; x_wconf 65' lang='grc' dir='ltr'><em>αὐθέντου</em></span> 
     </span>
     <span class='ocr_line' id='line_1_25' title="bbox 362 1694 1724 1745; baseline -0.003 -14"><span class='ocrx_word' id='word_1_212' title='bbox 362 1710 435 1745; x_wconf 81' lang='grc' dir='ltr'><strong>μου</strong></span> <span class='ocrx_word' id='word_1_213' title='bbox 465 1708 523 1729; x_wconf 89' lang='lat' dir='ltr'><strong>om</strong></span> <span class='ocrx_word' id='word_1_214' title='bbox 551 1697 589 1729; x_wconf 92' lang='lat' dir='ltr'>M</span> <span class='ocrx_word' id='word_1_215' title='bbox 726 1694 911 1742; x_wconf 75' lang='grc' dir='ltr'><strong>ἀποβλέπῃ</strong></span> <span class='ocrx_word' id='word_1_216' title='bbox 937 1697 975 1729; x_wconf 89' lang='grc' dir='ltr'><strong>Μ</strong></span> <span class='ocrx_word' id='word_1_217' title='bbox 1095 1700 1128 1731; x_wconf 86' lang='lat'><strong>6.</strong></span> <span class='ocrx_word' id='word_1_218' title='bbox 1155 1695 1173 1731; x_wconf 88' lang='grc' dir='ltr'>ὁ</span> <span class='ocrx_word' id='word_1_219' title='bbox 1199 1707 1256 1729; x_wconf 91' lang='lat' dir='ltr'><strong>om</strong></span> <span class='ocrx_word' id='word_1_220' title='bbox 1278 1695 1343 1728; x_wconf 88' lang='lat' dir='ltr'><strong>MP</strong></span> <span class='ocrx_word' id='word_1_221' title='bbox 1486 1697 1507 1730; x_wconf 87' lang='lat'>8</span> <span class='ocrx_word' id='word_1_222' title='bbox 1542 1705 1590 1741; x_wconf 83' lang='grc' dir='ltr'><strong>με</strong></span> <span class='ocrx_word' id='word_1_223' title='bbox 1617 1705 1673 1726; x_wconf 77' lang='lat' dir='ltr'><strong>oui</strong></span> <span class='ocrx_word' id='word_1_224' title='bbox 1700 1695 1724 1727; x_wconf 98' lang='grc' dir='ltr'>Ρ</span> 
     </span>
     <span class='ocr_line' id='line_1_26' title="bbox 364 1741 1722 1790; baseline -0.004 -11"><span class='ocrx_word' id='word_1_225' title='bbox 364 1746 508 1790; x_wconf 78' lang='grc' dir='ltr'><em>ἔγραψε</em></span> <span class='ocrx_word' id='word_1_226' title='bbox 533 1744 556 1777; x_wconf 88' lang='grc' dir='ltr'>Ρ</span> <span class='ocrx_word' id='word_1_227' title='bbox 672 1756 704 1789; x_wconf 88' lang='lat'><strong>9.</strong></span> <span class='ocrx_word' id='word_1_228' title='bbox 732 1743 968 1778; x_wconf 75' lang='grc' dir='ltr'><em>διατιθέασιν</em></span> <span class='ocrx_word' id='word_1_229' title='bbox 993 1743 1016 1775; x_wconf 88' lang='lat' dir='ltr'>P</span> <span class='ocrx_word' id='word_1_230' title='bbox 1155 1755 1205 1778; x_wconf 88' lang='grc' dir='ltr'><strong>ιο.</strong></span> <span class='ocrx_word' id='word_1_231' title='bbox 1230 1741 1325 1788; x_wconf 78' lang='grc' dir='ltr'><em>ἅπερ</em></span> <span class='ocrx_word' id='word_1_232' title='bbox 1350 1744 1412 1775; x_wconf 85' lang='grc' dir='ltr'><strong>καὶ</strong></span> <span class='ocrx_word' id='word_1_233' title='bbox 1437 1743 1587 1788; x_wconf 74' lang='grc' dir='ltr'><em>ἔγραψα</em></span> <span class='ocrx_word' id='word_1_234' title='bbox 1614 1752 1671 1773; x_wconf 85' lang='lat' dir='ltr'><strong>om</strong></span> <span class='ocrx_word' id='word_1_235' title='bbox 1698 1741 1722 1773; x_wconf 93' lang='grc' dir='ltr'>Ρ</span> 
     </span>
     <span class='ocr_line' id='line_1_27' title="bbox 370 1783 1725 1837; baseline -0.002 -14"><span class='ocrx_word' id='word_1_236' title='bbox 370 1802 418 1824; x_wconf 82' lang='lat'><strong>12.</strong></span> <span class='ocrx_word' id='word_1_237' title='bbox 443 1790 513 1837; x_wconf 50' lang='lat'><strong>022]</strong></span> <span class='ocrx_word' id='word_1_238' title='bbox 543 1789 664 1827; x_wconf 80' lang='grc' dir='ltr'><em>ἄλλων</em></span> <span class='ocrx_word' id='word_1_239' title='bbox 687 1791 712 1823; x_wconf 91' lang='grc' dir='ltr'>Ρ</span> <span class='ocrx_word' id='word_1_240' title='bbox 813 1791 862 1823; x_wconf 84' lang='grc' dir='ltr'><em>ι3.</em></span> <span class='ocrx_word' id='word_1_241' title='bbox 889 1787 928 1824; x_wconf 83' lang='grc' dir='ltr'><em>τὸ</em></span> <span class='ocrx_word' id='word_1_242' title='bbox 955 1783 1086 1825; x_wconf 79' lang='grc' dir='ltr'><em>λοιπὸν</em></span> <span class='ocrx_word' id='word_1_243' title='bbox 1112 1790 1148 1823; x_wconf 90' lang='grc' dir='ltr'>Μ</span> <span class='ocrx_word' id='word_1_244' title='bbox 1259 1792 1309 1834; x_wconf 75' lang='grc'><strong>14.</strong></span> <span class='ocrx_word' id='word_1_245' title='bbox 1333 1789 1590 1836; x_wconf 71' lang='grc' dir='ltr'><em>μερισῦιᾶσιν,</em></span> <span class='ocrx_word' id='word_1_246' title='bbox 1617 1788 1725 1821; x_wconf 80' lang='lat' dir='ltr'><strong>omis-</strong></span> 
     </span>
     <span class='ocr_line' id='line_1_28' title="bbox 364 1837 1326 1879; baseline -0.002 -8"><span class='ocrx_word' id='word_1_247' title='bbox 364 1849 403 1871; x_wconf 88' lang='lat' dir='ltr'><strong>so</strong></span> <span class='ocrx_word' id='word_1_248' title='bbox 429 1839 517 1879; x_wconf 77' lang='grc' dir='ltr'><strong>ἵνα,</strong></span> <span class='ocrx_word' id='word_1_249' title='bbox 538 1838 561 1870; x_wconf 88' lang='grc' dir='ltr'>Ρ</span> <span class='ocrx_word' id='word_1_250' title='bbox 689 1840 737 1872; x_wconf 93' lang='grc' dir='ltr'><em>ι6.</em></span> <span class='ocrx_word' id='word_1_251' title='bbox 761 1837 912 1877; x_wconf 75' lang='grc' dir='ltr'><em>ἐντελῶς</em></span> <span class='ocrx_word' id='word_1_252' title='bbox 939 1837 964 1870; x_wconf 86' lang='grc' dir='ltr'>Ρ</span> <span class='ocrx_word' id='word_1_253' title='bbox 1081 1838 1262 1879; x_wconf 70' lang='grc' dir='ltr'><strong>ἐτέθησαν</strong></span> <span class='ocrx_word' id='word_1_254' title='bbox 1289 1837 1326 1869; x_wconf 89' lang='grc' dir='ltr'><strong>Μ</strong></span> 
     </span>
    </p>
   </div>
   <div class='ocr_carea' id='block_1_5' title="bbox 274 1969 1754 2769">
    <p class='ocr_par' dir='ltr' id='par_1_7' title="bbox 274 1969 1754 2769">
     <span class='ocr_line' id='line_1_29' title="bbox 274 1969 1725 2017; baseline -0.003 -11"><span class='ocrx_word' id='word_1_255' title='bbox 274 1971 553 2006; x_wconf 86' lang='lat' dir='ltr'><strong>constitueretur</strong></span> <span class='ocrx_word' id='word_1_256' title='bbox 568 1972 761 2017; x_wconf 80' lang='lat' dir='ltr'><strong>princeps,</strong></span> <span class='ocrx_word' id='word_1_257' title='bbox 795 1972 965 2017; x_wconf 87' lang='lat' dir='ltr'><strong>quoniam</strong></span> <span class='ocrx_word' id='word_1_258' title='bbox 998 1971 1208 2004; x_wconf 85' lang='lat' dir='ltr'><strong>Theodorus</strong></span> <span class='ocrx_word' id='word_1_259' title='bbox 1234 1971 1399 2015; x_wconf 80' lang='lat' dir='ltr'>despota,</span> <span class='ocrx_word' id='word_1_260' title='bbox 1425 1970 1570 2002; x_wconf 83' lang='lat' dir='ltr'><strong>illorum</strong></span> <span class='ocrx_word' id='word_1_261' title='bbox 1598 1969 1725 2010; x_wconf 84' lang='lat' dir='ltr'><strong>frater,</strong></span> 
     </span>
     <span class='ocr_line' id='line_1_30' title="bbox 274 2017 1725 2064; baseline -0.002 -12"><span class='ocrx_word' id='word_1_262' title='bbox 274 2018 466 2052; x_wconf 77' lang='lat' dir='ltr'><strong>monachus</strong></span> <span class='ocrx_word' id='word_1_263' title='bbox 491 2018 569 2051; x_wconf 86' lang='lat' dir='ltr'><strong>fieri</strong></span> <span class='ocrx_word' id='word_1_264' title='bbox 595 2018 730 2058; x_wconf 85' lang='lat' dir='ltr'><strong>voluit,</strong></span> <span class='ocrx_word' id='word_1_265' title='bbox 760 2019 859 2064; x_wconf 80' lang='lat' dir='ltr'><strong>quod</strong></span> <span class='ocrx_word' id='word_1_266' title='bbox 884 2024 1005 2052; x_wconf 83' lang='lat' dir='ltr'><strong>tamen</strong></span> <span class='ocrx_word' id='word_1_267' title='bbox 1030 2019 1058 2051; x_wconf 87' lang='lat' dir='ltr'><strong>is</strong></span> <span class='ocrx_word' id='word_1_268' title='bbox 1090 2019 1281 2051; x_wconf 84' lang='lat' dir='ltr'><strong>consilium</strong></span> <span class='ocrx_word' id='word_1_269' title='bbox 1308 2023 1432 2062; x_wconf 79' lang='lat' dir='ltr'><strong>postea</strong></span> <span class='ocrx_word' id='word_1_270' title='bbox 1459 2017 1622 2050; x_wconf 82' lang='lat' dir='ltr'><strong>mutavit.</strong></span> <span class='ocrx_word' id='word_1_271' title='bbox 1647 2028 1725 2049; x_wconf 87' lang='lat' dir='ltr'><strong>cum</strong></span> 
     </span>
     <span class='ocr_line' id='line_1_31' title="bbox 274 2064 1728 2110; baseline -0.003 -11"><span class='ocrx_word' id='word_1_272' title='bbox 274 2065 329 2099; x_wconf 86' lang='lat' dir='ltr'><strong>his</strong></span> <span class='ocrx_word' id='word_1_273' title='bbox 356 2076 420 2110; x_wconf 80' lang='lat' dir='ltr'><strong>ego</strong></span> <span class='ocrx_word' id='word_1_274' title='bbox 445 2071 522 2098; x_wconf 83' lang='lat' dir='ltr'><strong>tum</strong></span> <span class='ocrx_word' id='word_1_275' title='bbox 551 2065 703 2109; x_wconf 85' lang='lat' dir='ltr'><strong>primum</strong></span> <span class='ocrx_word' id='word_1_276' title='bbox 727 2066 764 2098; x_wconf 87' lang='lat' dir='ltr'><strong>in</strong></span> <span class='ocrx_word' id='word_1_277' title='bbox 794 2066 1078 2110; x_wconf 80' lang='lat' dir='ltr'>Peloponnesum</span> <span class='ocrx_word' id='word_1_278' title='bbox 1108 2067 1210 2106; x_wconf 83' lang='lat' dir='ltr'><strong>veni,</strong></span> <span class='ocrx_word' id='word_1_279' title='bbox 1242 2077 1334 2098; x_wconf 87' lang='lat' dir='ltr'><strong>unus</strong></span> <span class='ocrx_word' id='word_1_280' title='bbox 1374 2076 1392 2097; x_wconf 89' lang='lat' dir='ltr'><strong>e</strong></span> <span class='ocrx_word' id='word_1_281' title='bbox 1415 2064 1586 2096; x_wconf 81' lang='lat' dir='ltr'><strong>ministris</strong></span> <span class='ocrx_word' id='word_1_282' title='bbox 1613 2065 1728 2108; x_wconf 86' lang='lat' dir='ltr'><strong>impe-</strong></span> 
     </span>
     <span class='ocr_line' id='line_1_32' title="bbox 276 2111 1729 2156; baseline -0.001 -11"><span class='ocrx_word' id='word_1_283' title='bbox 276 2113 420 2154; x_wconf 80' lang='lat' dir='ltr'><strong>ratoris,</strong></span> <span class='ocrx_word' id='word_1_284' title='bbox 446 2111 582 2145; x_wconf 88' lang='lat' dir='ltr'><strong>domini</strong></span> <span class='ocrx_word' id='word_1_285' title='bbox 606 2113 687 2153; x_wconf 86' lang='lat' dir='ltr'><strong>mei,</strong></span> <span class='ocrx_word' id='word_1_286' title='bbox 714 2117 751 2145; x_wconf 86' lang='lat' dir='ltr'><strong>et</strong></span> <span class='ocrx_word' id='word_1_287' title='bbox 775 2118 816 2145; x_wconf 85' lang='lat' dir='ltr'><strong>ut</strong></span> <span class='ocrx_word' id='word_1_288' title='bbox 840 2123 960 2145; x_wconf 81' lang='lat' dir='ltr'><strong>curam</strong></span> <span class='ocrx_word' id='word_1_289' title='bbox 985 2112 1151 2145; x_wconf 83' lang='lat' dir='ltr'><strong>haberem</strong></span> <span class='ocrx_word' id='word_1_290' title='bbox 1175 2112 1401 2145; x_wconf 79' lang='lat' dir='ltr'>Constantini</span> <span class='ocrx_word' id='word_1_291' title='bbox 1426 2111 1619 2156; x_wconf 78' lang='lat' dir='ltr'><strong>despotae,</strong></span> <span class='ocrx_word' id='word_1_292' title='bbox 1642 2122 1729 2156; x_wconf 83' lang='lat' dir='ltr'><strong>pro-</strong></span> 
     </span>
     <span class='ocr_line' id='line_1_33' title="bbox 274 2157 1728 2204; baseline -0.002 -11"><span class='ocrx_word' id='word_1_293' title='bbox 274 2165 355 2204; x_wconf 85' lang='lat' dir='ltr'><strong>pter</strong></span> <span class='ocrx_word' id='word_1_294' title='bbox 383 2170 523 2192; x_wconf 85' lang='lat' dir='ltr'><strong>causam</strong></span> <span class='ocrx_word' id='word_1_295' title='bbox 549 2158 766 2192; x_wconf 87' lang='lat' dir='ltr'><strong>huiusmodi.</strong></span> <span class='ocrx_word' id='word_1_296' title='bbox 793 2159 911 2192; x_wconf 77' lang='lat' dir='ltr'><strong>iussus</strong></span> <span class='ocrx_word' id='word_1_297' title='bbox 928 2172 946 2192; x_wconf 88' lang='lat' dir='ltr'>a</span> <span class='ocrx_word' id='word_1_298' title='bbox 967 2159 1073 2192; x_wconf 89' lang='lat' dir='ltr'><strong>beato</strong></span> <span class='ocrx_word' id='word_1_299' title='bbox 1099 2165 1135 2193; x_wconf 86' lang='lat' dir='ltr'><strong>et</strong></span> <span class='ocrx_word' id='word_1_300' title='bbox 1149 2160 1305 2204; x_wconf 80' lang='lat' dir='ltr'><strong>glorioso</strong></span> <span class='ocrx_word' id='word_1_301' title='bbox 1331 2169 1452 2191; x_wconf 83' lang='lat' dir='ltr'><strong>eorum</strong></span> <span class='ocrx_word' id='word_1_302' title='bbox 1473 2163 1593 2202; x_wconf 85' lang='lat' dir='ltr'><strong>patre,</strong></span> <span class='ocrx_word' id='word_1_303' title='bbox 1619 2157 1728 2190; x_wconf 79' lang='lat' dir='ltr'><strong>morti</strong></span> 
     </span>
     <span class='ocr_line' id='line_1_34' title="bbox 274 2205 1728 2251; baseline -0.001 -13"><span class='ocrx_word' id='word_1_304' title='bbox 274 2207 410 2245; x_wconf 79' lang='lat' dir='ltr'><strong>vicino,</strong></span> <span class='ocrx_word' id='word_1_305' title='bbox 447 2205 536 2239; x_wconf 85' lang='lat' dir='ltr'><strong>haee</strong></span> <span class='ocrx_word' id='word_1_306' title='bbox 561 2217 624 2250; x_wconf 87' lang='lat' dir='ltr'><strong>ego</strong></span> <span class='ocrx_word' id='word_1_307' title='bbox 664 2218 771 2238; x_wconf 88' lang='lat' dir='ltr'><strong>manu</strong></span> <span class='ocrx_word' id='word_1_308' title='bbox 810 2218 890 2239; x_wconf 73' lang='lat' dir='ltr'><strong>meu</strong></span> <span class='ocrx_word' id='word_1_309' title='bbox 925 2207 1068 2251; x_wconf 83' lang='lat' dir='ltr'>scripsi,</span> <span class='ocrx_word' id='word_1_310' title='bbox 1103 2218 1179 2239; x_wconf 87' lang='lat' dir='ltr'><strong>non</strong></span> <span class='ocrx_word' id='word_1_311' title='bbox 1218 2212 1257 2239; x_wconf 90' lang='lat' dir='ltr'><strong>ut</strong></span> <span class='ocrx_word' id='word_1_312' title='bbox 1306 2211 1559 2238; x_wconf 84' lang='lat' dir='ltr'><strong>testamentum</strong></span> <span class='ocrx_word' id='word_1_313' title='bbox 1586 2209 1728 2237; x_wconf 83' lang='lat' dir='ltr'><strong>tamen:</strong></span> 
     </span>
     <span class='ocr_line' id='line_1_35' title="bbox 276 2251 1728 2298; baseline -0.002 -12"><span class='ocrx_word' id='word_1_314' title='bbox 276 2265 350 2286; x_wconf 88' lang='lat' dir='ltr'><strong>non</strong></span> <span class='ocrx_word' id='word_1_315' title='bbox 381 2253 475 2285; x_wconf 81' lang='lat' dir='ltr'><strong>enim</strong></span> <span class='ocrx_word' id='word_1_316' title='bbox 513 2258 691 2286; x_wconf 80' lang='lat' dir='ltr'><strong>testantur</strong></span> <span class='ocrx_word' id='word_1_317' title='bbox 716 2254 970 2298; x_wconf 81' lang='lat' dir='ltr'><strong>imperatores,</strong></span> <span class='ocrx_word' id='word_1_318' title='bbox 1006 2253 1070 2286; x_wconf 78' lang='lat' dir='ltr'><strong>sed</strong></span> <span class='ocrx_word' id='word_1_319' title='bbox 1095 2253 1245 2286; x_wconf 87' lang='lat' dir='ltr'><strong>iubent:</strong></span> <span class='ocrx_word' id='word_1_320' title='bbox 1275 2252 1365 2285; x_wconf 81' lang='lat' dir='ltr'><strong>haec</strong></span> <span class='ocrx_word' id='word_1_321' title='bbox 1390 2253 1520 2296; x_wconf 72' lang='lat' dir='ltr'><strong>igitur,</strong></span> <span class='ocrx_word' id='word_1_322' title='bbox 1545 2262 1637 2296; x_wconf 81' lang='lat' dir='ltr'><strong>quae</strong></span> <span class='ocrx_word' id='word_1_323' title='bbox 1663 2251 1728 2284; x_wconf 85' lang='lat' dir='ltr'><strong>ille</strong></span> 
     </span>
     <span class='ocr_line' id='line_1_36' title="bbox 277 2298 1754 2345; baseline -0.002 -12"><span class='ocrx_word' id='word_1_324' title='bbox 277 2299 544 2341; x_wconf 78' lang='lat' dir='ltr'><strong>constituebat,</strong></span> <span class='ocrx_word' id='word_1_325' title='bbox 571 2311 636 2344; x_wconf 84' lang='lat' dir='ltr'><strong>ego</strong></span> <span class='ocrx_word' id='word_1_326' title='bbox 661 2299 706 2332; x_wconf 83' lang='lat' dir='ltr'><strong>ab</strong></span> <span class='ocrx_word' id='word_1_327' title='bbox 737 2299 863 2333; x_wconf 87' lang='lat' dir='ltr'><strong>eodem</strong></span> <span class='ocrx_word' id='word_1_328' title='bbox 887 2300 1004 2333; x_wconf 88' lang='lat' dir='ltr'><strong>iussus</strong></span> <span class='ocrx_word' id='word_1_329' title='bbox 1029 2301 1172 2345; x_wconf 87' lang='lat' dir='ltr'>scripsi:</span> <span class='ocrx_word' id='word_1_330' title='bbox 1213 2306 1251 2333; x_wconf 86' lang='lat' dir='ltr'><strong>ut</strong></span> <span class='ocrx_word' id='word_1_331' title='bbox 1279 2300 1409 2343; x_wconf 83' lang='lat' dir='ltr'><strong>singuli</strong></span> <span class='ocrx_word' id='word_1_332' title='bbox 1439 2299 1516 2331; x_wconf 86' lang='lat' dir='ltr'><strong>eins</strong></span> <span class='ocrx_word' id='word_1_333' title='bbox 1540 2298 1608 2331; x_wconf 79' lang='lat' dir='ltr'><strong>filii</strong></span> <span class='ocrx_word' id='word_1_334' title='bbox 1634 2298 1728 2330; x_wconf 84' lang='lat' dir='ltr'><strong>alius</strong></span> <span class='ocrx_word' id='word_1_335' title='bbox 1747 2314 1754 2317; x_wconf 19' lang='grc' dir='ltr'>κ</span> 
     </span>
     <span class='ocr_line' id='line_1_37' title="bbox 280 2345 1728 2393; baseline -0.001 -14"><span class='ocrx_word' id='word_1_336' title='bbox 280 2347 380 2379; x_wconf 83' lang='lat' dir='ltr'><strong>aliud</strong></span> <span class='ocrx_word' id='word_1_337' title='bbox 404 2346 449 2379; x_wconf 92' lang='lat' dir='ltr'><strong>de</strong></span> <span class='ocrx_word' id='word_1_338' title='bbox 473 2347 689 2380; x_wconf 76' lang='lat' dir='ltr'><strong>ornamentis</strong></span> <span class='ocrx_word' id='word_1_339' title='bbox 729 2347 807 2380; x_wconf 83' lang='lat' dir='ltr'><strong>eius</strong></span> <span class='ocrx_word' id='word_1_340' title='bbox 839 2352 876 2380; x_wconf 87' lang='lat' dir='ltr'><strong>et</strong></span> <span class='ocrx_word' id='word_1_341' title='bbox 908 2347 1052 2391; x_wconf 81' lang='lat' dir='ltr'><strong>gemmis</strong></span> <span class='ocrx_word' id='word_1_342' title='bbox 1077 2347 1255 2393; x_wconf 85' lang='lat' dir='ltr'><strong>rebusque</strong></span> <span class='ocrx_word' id='word_1_343' title='bbox 1291 2346 1371 2379; x_wconf 84' lang='lat' dir='ltr'><strong>aliis</strong></span> <span class='ocrx_word' id='word_1_344' title='bbox 1397 2345 1564 2391; x_wconf 78' lang='lat' dir='ltr'><strong>pretiosis</strong></span> <span class='ocrx_word' id='word_1_345' title='bbox 1586 2345 1728 2389; x_wconf 80' lang='lat' dir='ltr'><strong>accipe-</strong></span> 
     </span>
     <span class='ocr_line' id='line_1_38' title="bbox 279 2393 1729 2439; baseline -0.001 -13"><span class='ocrx_word' id='word_1_346' title='bbox 279 2399 382 2435; x_wconf 88' lang='lat' dir='ltr'><strong>rent,</strong></span> <span class='ocrx_word' id='word_1_347' title='bbox 404 2394 541 2439; x_wconf 87' lang='lat' dir='ltr'><strong>reliqua</strong></span> <span class='ocrx_word' id='word_1_348' title='bbox 567 2400 687 2428; x_wconf 84' lang='lat' dir='ltr'><strong>autem</strong></span> <span class='ocrx_word' id='word_1_349' title='bbox 712 2393 819 2435; x_wconf 82' lang='lat' dir='ltr'><strong>bona,</strong></span> <span class='ocrx_word' id='word_1_350' title='bbox 845 2405 938 2439; x_wconf 89' lang='lat' dir='ltr'><strong>quae</strong></span> <span class='ocrx_word' id='word_1_351' title='bbox 961 2393 1106 2438; x_wconf 86' lang='lat' dir='ltr'><strong>quidem</strong></span> <span class='ocrx_word' id='word_1_352' title='bbox 1131 2395 1168 2427; x_wconf 90' lang='lat' dir='ltr'><strong>in</strong></span> <span class='ocrx_word' id='word_1_353' title='bbox 1194 2394 1330 2439; x_wconf 84' lang='lat' dir='ltr'><strong>palatio</strong></span> <span class='ocrx_word' id='word_1_354' title='bbox 1358 2398 1492 2433; x_wconf 81' lang='lat' dir='ltr'><strong>essent,</strong></span> <span class='ocrx_word' id='word_1_355' title='bbox 1517 2393 1729 2426; x_wconf 73' lang='lat' dir='ltr'><strong>vestimenta</strong></span> 
     </span>
     <span class='ocr_line' id='line_1_39' title="bbox 279 2440 1731 2487; baseline -0.001 -14"><span class='ocrx_word' id='word_1_356' title='bbox 279 2446 316 2473; x_wconf 80' lang='lat' dir='ltr'><strong>et</strong></span> <span class='ocrx_word' id='word_1_357' title='bbox 339 2447 528 2485; x_wconf 80' lang='lat' dir='ltr'><strong>apparatus</strong></span> <span class='ocrx_word' id='word_1_358' title='bbox 543 2467 552 2481; x_wconf 95' lang='lat'>‚</span> <span class='ocrx_word' id='word_1_359' title='bbox 571 2442 608 2474; x_wconf 87' lang='lat' dir='ltr'><strong>in</strong></span> <span class='ocrx_word' id='word_1_360' title='bbox 635 2446 791 2487; x_wconf 85' lang='lat' dir='ltr'><strong>quatuor</strong></span> <span class='ocrx_word' id='word_1_361' title='bbox 814 2446 934 2485; x_wconf 81' lang='lat' dir='ltr'><strong>partes</strong></span> <span class='ocrx_word' id='word_1_362' title='bbox 956 2440 1223 2475; x_wconf 82' lang='lat' dir='ltr'><strong>dividerentur:</strong></span> <span class='ocrx_word' id='word_1_363' title='bbox 1271 2451 1421 2486; x_wconf 83' lang='lat' dir='ltr'><strong>quarum</strong></span> <span class='ocrx_word' id='word_1_364' title='bbox 1446 2451 1515 2472; x_wconf 83' lang='lat' dir='ltr'><strong>una</strong></span> <span class='ocrx_word' id='word_1_365' title='bbox 1541 2449 1731 2472; x_wconf 84' lang='lat' dir='ltr'><strong>consume-</strong></span> 
     </span>
     <span class='ocr_line' id='line_1_40' title="bbox 278 2485 1730 2532; baseline -0.001 -12"><span class='ocrx_word' id='word_1_366' title='bbox 278 2491 376 2520; x_wconf 82' lang='lat' dir='ltr'><strong>retur</strong></span> <span class='ocrx_word' id='word_1_367' title='bbox 399 2488 436 2519; x_wconf 87' lang='lat' dir='ltr'><strong>in</strong></span> <span class='ocrx_word' id='word_1_368' title='bbox 460 2488 614 2532; x_wconf 82' lang='lat' dir='ltr'><strong>liturgiis</strong></span> <span class='ocrx_word' id='word_1_369' title='bbox 643 2494 681 2521; x_wconf 81' lang='lat' dir='ltr'><strong>et</strong></span> <span class='ocrx_word' id='word_1_370' title='bbox 707 2488 937 2521; x_wconf 85' lang='lat' dir='ltr'><strong>ecclesiarum</strong></span> <span class='ocrx_word' id='word_1_371' title='bbox 962 2489 1180 2521; x_wconf 79' lang='lat' dir='ltr'><strong>ornamentis</strong></span> <span class='ocrx_word' id='word_1_372' title='bbox 1206 2500 1310 2532; x_wconf 82' lang='lat' dir='ltr'><strong>supra</strong></span> <span class='ocrx_word' id='word_1_373' title='bbox 1333 2488 1477 2520; x_wconf 82' lang='lat' dir='ltr'><strong>soiitum</strong></span> <span class='ocrx_word' id='word_1_374' title='bbox 1494 2486 1638 2519; x_wconf 82' lang='lat' dir='ltr'><strong>modum</strong></span> <span class='ocrx_word' id='word_1_375' title='bbox 1665 2485 1730 2518; x_wconf 81' lang='lat' dir='ltr'><strong>ad-</strong></span> 
     </span>
     <span class='ocr_line' id='line_1_41' title="bbox 279 2533 1731 2580; baseline 0 -15"><span class='ocrx_word' id='word_1_376' title='bbox 279 2533 465 2574; x_wconf 82' lang='lat' dir='ltr'><strong>ornandis,</strong></span> <span class='ocrx_word' id='word_1_377' title='bbox 501 2546 592 2579; x_wconf 81' lang='lat' dir='ltr'><strong>quae</strong></span> <span class='ocrx_word' id='word_1_378' title='bbox 623 2546 709 2568; x_wconf 84' lang='lat' dir='ltr'><strong>sane</strong></span> <span class='ocrx_word' id='word_1_379' title='bbox 743 2546 868 2579; x_wconf 82' lang='lat' dir='ltr'><strong>magno</strong></span> <span class='ocrx_word' id='word_1_380' title='bbox 898 2546 976 2568; x_wconf 88' lang='lat' dir='ltr'><strong>cum</strong></span> <span class='ocrx_word' id='word_1_381' title='bbox 1013 2541 1130 2568; x_wconf 86' lang='lat' dir='ltr'><strong>sumtu</strong></span> <span class='ocrx_word' id='word_1_382' title='bbox 1158 2541 1193 2568; x_wconf 86' lang='lat' dir='ltr'><strong>et</strong></span> <span class='ocrx_word' id='word_1_383' title='bbox 1217 2534 1407 2580; x_wconf 85' lang='lat' dir='ltr'><strong>splendore</strong></span> <span class='ocrx_word' id='word_1_384' title='bbox 1432 2534 1598 2566; x_wconf 80' lang='lat' dir='ltr'><strong>instituta</strong></span> <span class='ocrx_word' id='word_1_385' title='bbox 1627 2537 1731 2575; x_wconf 78' lang='lat' dir='ltr'><strong>sunt;</strong></span> 
     </span>
     <span class='ocr_line' id='line_1_42' title="bbox 279 2580 1731 2625; baseline -0.001 -13"><span class='ocrx_word' id='word_1_386' title='bbox 279 2580 439 2625; x_wconf 87' lang='lat' dir='ltr'><strong>reliquae</strong></span> <span class='ocrx_word' id='word_1_387' title='bbox 465 2581 855 2615; x_wconf 74' lang='lat' dir='ltr'><strong>tresdistribuerentur</strong></span> <span class='ocrx_word' id='word_1_388' title='bbox 878 2581 1064 2623; x_wconf 87' lang='lat' dir='ltr'><strong>mendicis,</strong></span> <span class='ocrx_word' id='word_1_389' title='bbox 1090 2582 1236 2614; x_wconf 84' lang='lat' dir='ltr'><strong>medicis</strong></span> <span class='ocrx_word' id='word_1_390' title='bbox 1263 2587 1300 2615; x_wconf 85' lang='lat' dir='ltr'><strong>et</strong></span> <span class='ocrx_word' id='word_1_391' title='bbox 1325 2581 1531 2614; x_wconf 80' lang='lat' dir='ltr'><strong>domesticis</strong></span> <span class='ocrx_word' id='word_1_392' title='bbox 1553 2581 1642 2613; x_wconf 81' lang='lat' dir='ltr'><strong>eius.</strong></span> <span class='ocrx_word' id='word_1_393' title='bbox 1667 2591 1731 2612; x_wconf 83' lang='lat' dir='ltr'><strong>cu-</strong></span> 
     </span>
     <span class='ocr_line' id='line_1_43' title="bbox 280 2625 1730 2674; baseline 0 -16"><span class='ocrx_word' id='word_1_394' title='bbox 280 2632 413 2659; x_wconf 83' lang='lat' dir='ltr'><strong>ratores</strong></span> <span class='ocrx_word' id='word_1_395' title='bbox 439 2634 557 2660; x_wconf 80' lang='lat' dir='ltr'><strong>autem</strong></span> <span class='ocrx_word' id='word_1_396' title='bbox 577 2635 697 2662; x_wconf 87' lang='lat' dir='ltr'><strong>essent</strong></span> <span class='ocrx_word' id='word_1_397' title='bbox 724 2629 921 2674; x_wconf 84' lang='lat' dir='ltr'><strong>spiritualis</strong></span> <span class='ocrx_word' id='word_1_398' title='bbox 945 2635 1049 2673; x_wconf 79' lang='lat' dir='ltr'><strong>pater</strong></span> <span class='ocrx_word' id='word_1_399' title='bbox 1086 2630 1161 2661; x_wconf 88' lang='lat' dir='ltr'><strong>eius</strong></span> <span class='ocrx_word' id='word_1_400' title='bbox 1185 2629 1383 2668; x_wconf 84' lang='lat' dir='ltr'><strong>Macarius,</strong></span> <span class='ocrx_word' id='word_1_401' title='bbox 1409 2628 1491 2673; x_wconf 84' lang='lat' dir='ltr'><strong>qui,</strong></span> <span class='ocrx_word' id='word_1_402' title='bbox 1518 2637 1562 2660; x_wconf 77' lang='lat' dir='ltr'><strong>ex</strong></span> <span class='ocrx_word' id='word_1_403' title='bbox 1586 2625 1730 2659; x_wconf 71' lang='lat' dir='ltr'><strong>ludaeis</strong></span> 
     </span>
     <span class='ocr_line' id='line_1_44' title="bbox 280 2672 1730 2721; baseline 0 -16"><span class='ocrx_word' id='word_1_404' title='bbox 280 2672 471 2712; x_wconf 82' lang='lat' dir='ltr'><strong>oriundus,</strong></span> <span class='ocrx_word' id='word_1_405' title='bbox 507 2675 544 2707; x_wconf 86' lang='lat' dir='ltr'><strong>in</strong></span> <span class='ocrx_word' id='word_1_406' title='bbox 573 2675 884 2721; x_wconf 79' lang='lat' dir='ltr'><strong>xanthopulorum</strong></span> <span class='ocrx_word' id='word_1_407' title='bbox 918 2676 1136 2709; x_wconf 86' lang='lat' dir='ltr'><strong>monasterio</strong></span> <span class='ocrx_word' id='word_1_408' title='bbox 1173 2681 1265 2716; x_wconf 84' lang='lat' dir='ltr'><strong>erat,</strong></span> <span class='ocrx_word' id='word_1_409' title='bbox 1302 2676 1496 2719; x_wconf 79' lang='lat' dir='ltr'><strong>Iosephus,</strong></span> <span class='ocrx_word' id='word_1_410' title='bbox 1520 2673 1730 2707; x_wconf 77' lang='lat' dir='ltr'><strong>monasterii</strong></span> 
     </span>
     <span class='ocr_line' id='line_1_45' title="bbox 280 2719 1722 2769; baseline 0.001 -16"><span class='ocrx_word' id='word_1_411' title='bbox 280 2719 547 2754; x_wconf 82' lang='lat' dir='ltr'><strong>Charsianensis</strong></span> <span class='ocrx_word' id='word_1_412' title='bbox 571 2723 761 2767; x_wconf 83' lang='lat' dir='ltr'><strong>magister,</strong></span> <span class='ocrx_word' id='word_1_413' title='bbox 787 2729 894 2769; x_wconf 82' lang='lat' dir='ltr'><strong>atque</strong></span> <span class='ocrx_word' id='word_1_414' title='bbox 927 2733 1001 2768; x_wconf 82' lang='lat' dir='ltr'><strong>ego.</strong></span> <span class='ocrx_word' id='word_1_415' title='bbox 1027 2722 1115 2756; x_wconf 80' lang='lat' dir='ltr'><strong>haec</strong></span> <span class='ocrx_word' id='word_1_416' title='bbox 1149 2733 1257 2768; x_wconf 85' lang='lat' dir='ltr'><strong>quum</strong></span> <span class='ocrx_word' id='word_1_417' title='bbox 1292 2733 1407 2756; x_wconf 79' lang='lat' dir='ltr'><strong>coram</strong></span> <span class='ocrx_word' id='word_1_418' title='bbox 1437 2723 1514 2766; x_wconf 82' lang='lat' dir='ltr'><strong>ipso</strong></span> <span class='ocrx_word' id='word_1_419' title='bbox 1540 2720 1722 2760; x_wconf 69' lang='lat' dir='ltr'><strong>Manuele,</strong></span> 
     </span>
    </p>
   </div>
  </div>
 </body>
</html>
