1806 3190
555 202 654 241 Lm.
688 202 740 264 ¹.¹·
780 199 898 241 CAP.
925 200 1029 239 iux.
1401 179 1512 233 203

16 342 27 347 ,
83 298 156 343 καί
181 298 375 340 α’πελθών
403 299 461 347 εἷς
490 297 667 351 Πάτραν
695 296 769 352 την
797 297 976 352 Πάτρας
1003 293 1123 337 πόλιν
1149 293 1280 350 μόνην
1307 296 1518 350 παρέλαβε

84 366 157 408 καί
183 365 379 418 ἐνέπρησε
410 367 481 406 καί
508 363 698 420 ἠφάνισε.
729 365 800 405 καί
825 364 884 419 τῷ
899 359 1128 419 Αὐγούστῳ
1156 363 1260 416 μηνί
1283 364 1359 402 τοῦ
1386 361 1519 402 αὐτοῦ

85 431 202 480 ἔτους
243 427 416 484 ἐστάλην
455 429 580 471 πάλιν
623 427 703 483 ἐγώ
743 430 804 478 εἷς
834 427 905 483 τήν
938 423 1381 470 Κωνσταντινοιῖπολιν
1409 424 1517 482 ὑπὲρ

86 498 246 538 πολλῶν
272 496 395 537 τιναῖν
423 492 665 537 ὑποθέσεων
693 496 765 536 καί
794 495 894 549 περὶ
918 495 989 548 τῆς
1013 494 1324 548 Τραπεζοῦντος
1351 493 1424 535 καί
1447 494 1519 547 τῆς
1532 500 1576 545 45

25 570 74 613 255
93 563 127 604 Γ
125 563 268 609 οτθιάς
308 562 379 602 καί
417 559 517 614 περί
540 576 649 610 τινος
674 562 933 602 συνοικεσιόυ
977 559 1046 600 διὰ
1084 557 1158 600 τὸν
1184 554 1390 614 αὐθέντην
1413 573 1521 611 μου,

88 629 180 669 ἐπεὶ
204 627 274 668 ἀπ’
302 628 433 668 ἐκεῖσε
453 627 785 680 προεσύντυχον·
843 624 945 667 ἔνθα
969 626 1042 666 καί
1056 622 1357 679 ἱερομονάχους
1385 623 1456 666 καὶ
1479 625 1525 666 ἐκ

87 694 168 734 τῶν
195 691 427 746 ἀνθρώπων
443 707 526 744 μου
555 690 717 734 ἔστειλα
746 693 790 733 ἐν
812 693 985 740 ἐκείνοις
1001 696 1085 739 τοῖς
1111 693 1274 745 μέρεσι,
1303 692 1525 744 ἐξαιρέτως

89 759 134 800 δὲ
162 758 234 799 καί
258 755 331 798 τὸν
367 756 644 811 ἱερομόναχον
672 756 881 811 Ἰσίδωρον
918 755 991 798 τὸν
1017 756 1088 798 καί
1115 754 1291 810 ὕστερον
1318 756 1527 810 χρηματί-

89 840 222 866 σαντα
246 826 548 879 μητροπολίτην
573 823 778 877 Ἀθηνῶν,
805 826 903 876 μεθ’
930 817 987 865 ὧν
1014 821 1194 877 ἔγραψα.
1251 821 1322 863 καί
1348 823 1527 876 προσμέ-

21 909 78 936 ,ιο
93 887 227 937 νοντός
252 903 335 941 μου
367 890 458 931 ἐκεῖ
487 892 544 945 τῷ
581 889 738 946 Ἰουλίῳ
765 887 868 942 μηνί
905 890 981 935 τοῦ
1013 888 1139 947 Ιςζῧνςῖ
1170 885 1292 936 ἔτους
1319 886 1528 937 ἀπέθανεν

90 953 170 995 ὑπὸ
199 951 431 1006 λοιμώδους
476 953 708 1007 νοσήματος
744 953 775 1008 νὃ
807 953 1002 1008 δεσπότης
1043 953 1122 1008 κὺρ
1158 950 1377 1008 Θεόδωρος
1405 956 1449 995 ἐν
1479 954 1530 1010 τῇ

90 1018 335 1075 Σηλυμβρίρι
355 1051 366 1073 ,
407 1023 479 1062 καί
511 1019 756 1072 κομίσαντες
802 1020 848 1062 τὸ
881 1023 1080 1073 λείψανον
1106 1020 1238 1061 αὐτοῦ
1270 1021 1314 1061 ἐν
1342 1021 1392 1077 τῇ
1414 1019 1529 1066 πόλει

91 1084 260 1138 ἔθαψαν
299 1085 429 1126 αυ’τόν
466 1086 509 1126 ἐν
544 1087 594 1142 τῇ
635 1088 708 1127 ’τοῦ
745 1084 1097 1141 Παντοκράτορος
1132 1087 1250 1142 μονῇ.
1305 1084 1378 1127 καί
1402 1087 1454 1142 τῇ
1482 1081 1527 1126 ιε’
1571 1105 1573 1108 ·

21 1200 27 1208 1
91 1152 166 1192 τοῦ
191 1150 442 1205 Αὐγούστου
471 1150 601 1206 μηνὸς
644 1153 722 1192 τοῦ
750 1151 884 1193 αὐτοῦ
927 1149 1045 1201 ἔτους
1073 1151 1261 1194 α’πέθανέ
1285 1166 1359 1205 μοι
1386 1150 1414 1192 ὄ-
1436 1149 1568 1200 υἱὸςΒ

26 1216 294 1269 ι5Ἀλέξιος,
339 1214 469 1270 ζήσας
503 1215 680 1271 χρόνους
720 1216 748 1258 ε’
780 1219 853 1259 καί
878 1219 1010 1272 μῆνας
1038 1219 1209 1259 ἕνδεκα·
1267 1212 1318 1258 οὗ
1348 1216 1369 1258 ὁ
1395 1215 1531 1259 θάνα-

92 1297 162 1330 τος
192 1283 362 1337 σφόδρα
389 1298 471 1334 μου
501 1281 750 1336 καθήψατο,
793 1284 871 1324 ov’x
905 1280 1062 1331 εἰδότος
1087 1282 1171 1337 μου
1200 1285 1276 1325 τοῦ
1299 1283 1450 1324 α’θλιόυ
1479 1283 1530 1325 τοὶ

91 1347 294 1400 μέλλοντά
320 1361 395 1398 μοι
432 1349 643 1400 συμβῆναι
673 1347 948 1403 λυπηρότερα.
1023 1350 1096 1390 καί
1120 1351 1172 1405 τῇ
1197 1349 1258 1390 λα’
1288 1350 1362 1390 τοῦ
1382 1349 1532 1391 Ὀκτω-

92 1413 212 1468 βρίου
241 1410 372 1464 μηνὸς
411 1414 485 1453 τοῦ
532 1410 660 1469 ,ςῧνζ
696 1410 816 1462 ἔτους
860 1415 1043 1456 α’πέθανε
1079 1414 1195 1455 καίδ
1226 1414 1424 1468 βασιλεὺς
1451 1414 1531 1470 κύρ

87 1475 278 1533 Ἰωάννης
304 1479 408 1520 ἐτῶν
435 1478 638 1533 ὑπάρχων
665 1477 720 1526 νς’
748 1482 821 1521 καί
846 1483 988 1534 μηνῶν
1027 1480 1049 1521 ι’
1080 1479 1152 1522 καί
1177 1480 1344 1535 ἡμερῶν
1371 1479 1433 1532 ιε’,
1463 1483 1537 1523 καί

26 1563 83 1591 αο
96 1540 228 1599 ἐτάφη
256 1546 308 1600 τῇ
337 1543 478 1600 πρώτῃ
506 1547 747 1598 Νοεμβρίου
778 1546 822 1587 ἐν
850 1547 901 1601 τῇ
924 1548 1032 1602 μονῇ
1069 1549 1144 1588 τοῦ
1171 1544 1532 1602 Παντοκράτορος,

98 1609 460 1666 αὕτοκρατορὴσας
508 1608 577 1665 ἔτη
626 1608 760 1655 εἴκοσι
813 1613 911 1667 τριά
946 1613 1080 1668 μῆνας
1122 1619 1233 1667 τρεῖς
1268 1614 1340 1655 καί
1374 1611 1534 1670 ἡμέρας

98 1676 214 1717 δέκα.

99 1806 209 1840 solam
236 1805 360 1839 urbem
390 1806 508 1851 cepit,
544 1806 741 1841 combussit
776 1811 813 1841 et.
838 1807 978 1841 evertit.
1038 1807 1196 1852 Augusto
1231 1819 1353 1842 mense
1377 1809 1536 1842 eiusdem

100 1855 182 1886 anni
210 1864 273 1897 ego
301 1865 418 1885 rursus
444 1853 583 1897 CpolIm
616 1855 743 1887 missus
775 1866 852 1887 sum
875 1855 998 1888 multis
1023 1866 1128 1899 super
1169 1857 1333 1899 negotiis,
1357 1857 1464 1889 etiam
1493 1857 1538 1890 de

99 1901 323 1944 Trapezunte
351 1905 387 1933 et
411 1899 578 1941 Gotthia‚
606 1906 642 1933 et
678 1901 722 1934 de
759 1901 912 1946 quodam
951 1902 1116 1945 coningio
1155 1901 1289 1935 domini
1314 1903 1383 1935 mei
1409 1909 1537 1944 actum,

101 1947 204 1980 illinc
239 1952 323 1979 ante
359 1946 583 1980 conditiones
607 1948 764 1992 agitans:
790 1948 887 1981 unde
913 1947 1210 1982 hieromomchos
1235 1955 1271 1983 et
1294 1949 1468 1994 quosdam
1494 1951 1539 1984 de

100 1994 188 2026 meis
216 1993 430 2033 domesticis,
455 1994 493 2025 in
517 1995 638 2038 primis
653 1994 826 2028 Isidorum
849 1995 1176 2037 hieromonachum,
1200 1997 1262 2040 qui
1289 2002 1413 2041 postea
1430 1997 1541 2030 Athe-

99 2052 224 2073 narum
240 2040 469 2084 metropolita
494 2039 574 2083 suit,
598 2043 635 2074 in
650 2042 733 2075 istas
759 2043 923 2087 regiones
938 2054 1018 2075 cum
1038 2043 1169 2076 litteris
1195 2043 1325 2075 dimisi.
1353 2043 1403 2075 ibi
1428 2055 1539 2088 quum

101 2087 285 2132 degerem,
318 2098 438 2119 mense
462 2086 554 2121 Iulio
591 2089 675 2121 anni
702 2089 795 2132 6956
818 2087 1027 2122 Theodorus
1062 2088 1226 2122 dominus
1251 2095 1351 2135 peste
1378 2102 1540 2124 consum-

99 2139 157 2168 tus
195 2139 248 2167 est
280 2133 522 2177 Selymbriae:
554 2136 653 2167 cuius
679 2147 804 2181 corpus
839 2137 876 2169 in
903 2136 1025 2169 urbem
1053 2137 1259 2169 translatum
1291 2142 1327 2170 et
1351 2138 1389 2169 in
1414 2149 1541 2170 mona-

99 2182 209 2214 sterIO
234 2181 494 2214 Pantocratoris
529 2183 709 2227 sepultum
737 2188 801 2216 est.
828 2182 964 2216 decimo
994 2183 1121 2228 quinto
1148 2183 1206 2216 die
1231 2184 1379 2228 Augusti
1407 2185 1539 2218 mensis

101 2227 259 2267 eiusdem
295 2228 377 2261 anni
416 2233 572 2262 mortuus
608 2235 662 2262 est
696 2230 783 2262 mihi
809 2230 954 2263 Alexius
990 2231 1097 2272 filius,
1122 2242 1230 2276 quum
1257 2231 1403 2264 vixisset
1426 2243 1539 2266 annos

101 2275 260 2320 quinque
295 2279 332 2307 et
365 2285 502 2308 menses
529 2275 715 2309 undecim:
753 2277 851 2310 cuius
892 2276 1011 2310 obitus
1046 2277 1278 2310 vehementer
1306 2288 1362 2310 me
1388 2278 1539 2320 afflixit,

101 2321 245 2366 quando
268 2322 374 2354 miser
399 2322 613 2364 nesciebam,
639 2335 729 2369 quae
755 2324 843 2356 mihi
867 2324 1046 2357 acerbiora
1075 2330 1244 2358 eventura
1272 2329 1400 2358 essent.
1432 2326 1541 2359 trice-

102 2369 188 2401 simo
214 2369 326 2414 primo
355 2368 413 2401 die
447 2369 612 2403 Octobris
649 2371 733 2403 anni
760 2371 849 2415 6957
878 2372 984 2404 etiam
1014 2372 1207 2416 imperator
1244 2371 1420 2404 Iohannes
1445 2371 1540 2406 diem

100 2414 204 2456 obiit,
228 2426 338 2448 annos
367 2420 471 2448 natus
495 2422 630 2461 septem
657 2423 693 2451 et
717 2419 985 2463 quinquaginta,
1012 2430 1149 2451 menses
1177 2419 1310 2458 decem,
1334 2417 1410 2452 dies
1435 2420 1542 2465 quin-

101 2460 235 2502 decim,
259 2462 444 2508 primoque
469 2462 678 2498 Novembris
716 2465 775 2497 die
798 2465 836 2498 in
866 2466 1080 2499 monasterio
1094 2465 1354 2499 pantocraton-is
1381 2466 1541 2512 sepultus

102 2514 166 2551 est,
191 2519 296 2555 regno
322 2510 459 2556 potitus
481 2521 592 2546 anuos
617 2511 743 2558 viginti
765 2517 847 2555 tres,
871 2523 1010 2548 menses
1040 2517 1122 2556 tres,
1145 2512 1220 2547 dies
1249 2512 1383 2547 decem.
