1806 3190
302 154 331 188 2
343 154 410 188 20
715 148 942 189 GEORGH
984 144 1303 186 PHRANTZAE

401 247 479 300 εΩς
505 243 576 291 οὖν
616 249 747 288 πάντα
783 243 833 286 τὰ
863 243 905 285 ἐν
943 245 991 298 τῇ
1016 243 1171 299 Ἰβηρίᾳ
1194 240 1267 282 καί
1299 242 1580 295 Τραπεζοῦντι
1606 257 1734 283 κατα·
1770 238 1777 243 ’

299 320 454 366 λεπτῶς
475 311 751 369 ε’·διηγησάμην
776 312 835 365 τῷ
862 312 1034 362 βασιλεῖ’
1060 310 1131 349 καί
1158 307 1339 362 αὐθέντῃ
1367 322 1450 358 μου
1477 306 1533 355 (ὃς
1561 301 1735 359 ἄνωθεν,

295 380 489 436 ἠρώτησα
516 383 671 431 μαθεῖν
698 378 770 417 καί
793 376 891 428 περὶ
919 375 996 416 τοῦ
1025 376 1099 427 τῆς
1131 372 1310 427 Σερβίας
1342 373 1623 414 συνοικεσιόυ·
1664 376 1738 415 καί

294 446 531 499 ἀποκριθεὶς
559 439 646 484 εἶπέ
672 456 746 493 μοι
767 438 793 455 “
807 437 886 493 ἐγώ
917 453 985 480 σοι
1015 434 1174 493 ὀφείλω
1205 435 1338 478 πολλοὶ
1363 435 1433 479 διὰ
1462 436 1534 492 τὴν
1563 438 1668 492 πρός
1681 453 1735 490 με

295 510 371 564 σὴν
396 509 554 563 ἀγάπην
579 509 652 548 καί
680 504 820 548 πίστιν
848 502 1069 546 παιδιόθεν
1097 504 1170 544 καί
1196 501 1272 557 τήν
1299 501 1505 557 τοσαύτην
1534 502 1734 546 δουλοσύ·
1747 503 1776 556 5ν

295 592 390 630 νην·
420 573 525 615 ἄλλα
558 574 678 614 τοῦτο
708 571 758 625 ὀὴ
793 574 934 612 πλεῖον
963 569 1147 623 σήμερον
1175 566 1222 609 τὸ
1253 571 1327 622 τῆς
1355 568 1533 624 Σερβιάς
1554 567 1737 622 βεβαίου·

296 657 360 689 σις
386 642 456 681 καί
481 636 692 694 α’σφάλεια
717 638 789 678 καί
815 634 1111 690 ἑκσφράγισμοέ
1128 635 1219 674 ἐστι
1247 636 1318 688 τῆς
1346 634 1405 682 εἰς
1434 635 1510 686 ἐμὲ
1525 648 1603 675 σου
1632 629 1736 687 ‹Zyd-

295 722 373 760 πης
401 707 472 747 καί
503 703 764 757 δουλοσύνης,
797 704 869 743 καί
897 698 1153 754 ἀνταμοιβήν
1177 715 1243 741 σοι
1285 700 1441 756 ὀφείλω
1471 702 1549 749 ἕως
1577 701 1622 742 ἐν
1649 705 1738 749 τοῖς

296 773 422 822 ζιόσιν
450 770 696 823 εὑρίσκομαι
719 799 730 820 ,
759 766 851 808 ἐπεὶ
879 768 1072 808 τοσοῦτον
1115 767 1361 814 κεκοπιάκας
1391 764 1459 807 dea*
1484 765 1590 818 ὑπὲρ
1619 765 1736 819 ἐμοῦ,

294 838 366 877 καί
394 837 551 887 μᾶλλον
587 834 639 875 τὰ
683 835 758 874 νῦν
790 834 1051 886 ἐγκατέλιπες
1090 829 1164 872 τὸν
1203 827 1312 872 οἶκόν
1341 845 1417 873 σου
1457 833 1652 873 τοσοῦτον
1683 828 1733 886 δὴ
1755 845 1803 885 tq

293 899 436 955 καιρὸν
462 898 604 954 πόρρω
632 900 706 953 τῆς
747 899 820 952 σῆς
846 898 1045 950 πατρίδος
1072 897 1189 946 ξένας
1215 894 1359 950 χώρας
1397 894 1736 951 περιερχόμενος.
1788 915 1806 933 ι

294 964 391 1008 ὅθεν
419 964 457 1006 οἱ
487 967 617 1006 ἐκεῖσε
632 962 894 1017 κυριεύοντες
913 962 1099 1016 μεγάλας
1120 959 1362 1016 εὐεργεσίας
1379 962 1588 1014 καὶτιμὰς
1605 963 1739 1016 ε’πηγ,

292 1029 482 1084 γέλλοντό
510 1045 578 1071 σοι
610 1031 779 1081 δοῦναι,
819 1032 922 1081 λέγω
952 1026 991 1069 οἱ
1021 1031 1094 1082 τῆς
1117 1028 1297 1082 Ἰβηρίας
1326 1027 1398 1069 καί
1429 1029 1739 1080 Τραπεζοῦντος

296 1090 495 1138 δεσπόται
524 1097 596 1136 καί
621 1098 824 1147 βασιλεῖς,
856 1095 1022 1142 ἕκαστος
1043 1094 1187 1134 αὐτῶν
1217 1094 1429 1147 ζητῶνσοι
1457 1094 1560 1147 ὑπὲρ
1592 1092 1739 1144 αὑτοῦ,

295 1163 363 1203 ἵνα
393 1163 648 1202 συνοικέσιον
687 1163 778 1212 μετ’
819 1159 924 1211 ἐμοῦ
962 1161 1152 1215 τελέσῃς·
1222 1158 1349 1208 αὐτὸς
1400 1160 1446 1200 δὲ
1474 1161 1529 1208 ὠς
1556 1157 1739 1214 σώφρων
1756 1159 1804 1211 ¹5.

296 1228 368 1268 καί
394 1225 536 1275 πιστὸς
574 1225 771 1279 θεράπων
817 1225 1024 1279 ὃιέκρινας
1062 1223 1108 1266 τὸ
1134 1226 1354 1279 συμφέρον
1382 1240 1456 1278 μοι
1483 1227 1555 1266 καί
1585 1224 1739 1280 ω’φελι-

294 1290 499 1346 μώτερον,
529 1294 599 1332 καὶ
626 1289 825 1345 ἔδρασας,
857 1292 928 1331 καί
955 1288 995 1331 ὃ,
1012 1289 1206 1344 νενόηκας
1235 1288 1427 1345 ἔγραψάς
1445 1306 1519 1344 μοι
1547 1293 1740 1343 συμβου-

295 1358 439 1398 λεύων.
494 1359 615 1398 τοῦτο
645 1352 697 1410 ἧν
725 1359 834 1410 μέγα
851 1372 893 1398 τι
913 1354 1194 1410 ἑκμαρτύριον
1223 1358 1298 1410 τῆς
1326 1354 1432 1411 πρὸς
1454 1359 1530 1409 ε’μέ
1561 1371 1638 1398 σου
1666 1356 1741 1397 εὖ·

293 1422 407 1471 νοιάς
437 1423 510 1463 καί
534 1421 717 1476 α’γάπης·
774 1423 847 1463 καί
875 1420 1224 1476 πληροφορήθητι
1250 1423 1419 1476 α’ληθιός
1448 1418 1512 1463 ὅτι
1541 1423 1614 1464 καί
1639 1425 1741 1476 παρ’

295 1490 400 1541 ἐμοῦ
428 1490 531 1540 ἕξεις
559 1484 680 1537 ἇξιάν
707 1486 782 1542 την
803 1487 1073 1540 α’ντάμειψιν,
1100 1488 1179 1535 ἕως
1207 1489 1251 1529 ἐν
1275 1493 1362 1536 τοῖς
1392 1489 1518 1539 ζῶσιν
1544 1487 1738 1542 ὑπάρχω.
1751 1500 1804 1528 20

294 1556 393 1609 περὶ
418 1556 463 1595 δὲ
490 1555 564 1595 τοῦ
591 1555 634 1595 ἐν
647 1554 800 1610 Σερβιζι
827 1556 1087 1596 συνοικεσιόυ
1118 1548 1248 1607 οὗπερ
1277 1554 1432 1610 ἐρωτᾷς
1459 1569 1526 1606 με,
1554 1568 1739 1595 τοιουτο-

295 1619 456 1675 τρόπως
485 1617 839 1674 παρηκολούθησε.
879 1617 985 1672 μετὰ
1018 1617 1061 1661 τὸ
1092 1622 1236 1661 θανεῖν
1269 1617 1341 1661 τὸν
1374 1618 1640 1675 α’μηρᾶνκαί
1666 1618 1741 1673 την

393 1752 427 1784 8.
461 1750 528 1790 ἕως
550 1770 596 1776 -
622 1749 846 1798 εὑρίσκομαι
870 1763 927 1784 om
951 1751 988 1784 M
1106 1763 1155 1786 ιι.
1182 1754 1234 1791 εἰς
1260 1753 1364 1792 ξένας
1381 1752 1506 1798 χώρας
1529 1751 1566 1784 Μ
1582 1776 1593 1792 ,
1611 1750 1739 1784 omisso

392 1797 681 1844 περιερχόμενος
780 1809 830 1831 12.
859 1799 1147 1845 ἐπαγγέλλοντες
1171 1800 1195 1832 Ρ
1322 1801 1375 1832 18.
1404 1801 1454 1838 εἰς
1478 1796 1689 1845 μαρτύριον
1715 1798 1740 1831 Ρ

393 1904 513 1950 Quum
542 1904 650 1948 igitur
675 1905 792 1937 omnia
817 1905 854 1938 in
879 1906 994 1938 Iberia
1031 1911 1068 1940 et
1091 1907 1316 1951 Trapezunte
1341 1911 1438 1951 gesta
1463 1905 1645 1939 subtiliter
1670 1906 1738 1938 lm-

299 1952 467 1997 peratori,
493 1950 638 1983 domino
667 1962 756 1991 meo,
785 1957 821 1984 et
848 1963 868 1983 a
892 1954 1069 1998 principio
1097 1964 1325 1994 enarrassem,
1350 1953 1395 1987 de
1407 1954 1575 1986 Serviano
1601 1963 1741 1985 connu-

300 1999 361 2031 bio
400 2009 480 2031 eum
518 2003 743 2042 percontatus
774 1995 871 2031 sum:
918 2006 1025 2046 atque
1061 2001 1125 2033 ille
1161 2001 1211 2034 ita
1243 2000 1332 2033 mibi
1372 1999 1574 2045 respondit:
1607 1997 1741 2045 “equi-

302 2045 382 2078 dem
407 2044 558 2077 multum
605 2044 669 2077 tibi
719 2044 834 2077 debeo
875 2053 1020 2092 propter
1064 2058 1160 2088 eam,
1204 2059 1310 2092 quam
1356 2059 1376 2079 a
1412 2058 1525 2092 puero
1568 2057 1651 2090 erga
1683 2057 1740 2079 me

303 2091 534 2137 praestitisti,
570 2090 859 2124 benevolentiam
891 2098 928 2126 et
975 2093 1079 2126 fidem
1117 2099 1287 2140 tantaque
1333 2094 1467 2136 officia3
1498 2104 1617 2127 verum
1645 2103 1742 2126 nunc

304 2139 512 2171 Servianum
537 2137 605 2170 hoc
630 2139 811 2182 negotium
836 2137 1123 2174 benevolentiam
1142 2147 1240 2174 tuam
1255 2153 1294 2174 ae
1318 2141 1475 2174 studium
1500 2141 1606 2174 etiam
1629 2140 1742 2184 magis

302 2185 499 2224 confirmat,
525 2185 719 2217 communit
743 2190 778 2217 et
802 2187 903 2230 quasi
929 2187 1100 2231 obsignat,
1135 2188 1276 2233 tibique
1303 2188 1481 2231 obligatus
1508 2198 1596 2228 sum,
1619 2185 1742 2232 quoad

304 2232 342 2264 in
368 2231 455 2266 vivis
479 2242 541 2264 ero
557 2256 566 2271 ,
605 2242 713 2276 quum
738 2243 876 2276 semper
899 2243 975 2266 moa
1000 2246 1103 2267 causa
1135 2246 1357 2279 summopere
1384 2234 1621 2274 laboraveris,
1646 2244 1743 2266 nunc

303 2289 386 2310 vero
412 2278 519 2311 etiam
547 2277 692 2310 domum
717 2283 815 2310 tuam
840 2289 905 2323 per
928 2281 1072 2324 longum
1089 2287 1228 2327 teinpus
1257 2282 1456 2326 reliqueris,
1482 2281 1607 2325 procul
1630 2292 1649 2313 a
1675 2291 1741 2326 pa-

303 2325 372 2357 tria
400 2324 538 2358 exteras
570 2325 732 2369 regiones
772 2325 919 2359 obiens:
956 2328 1051 2361 unde
1090 2341 1223 2374 quum,
1247 2329 1309 2374 qui
1333 2328 1410 2361 illic
1435 2333 1593 2372 regnant,
1617 2337 1744 2372 magna

304 2371 372 2405 tibi
396 2370 489 2404 dona
511 2370 735 2417 honoresque
756 2373 1017 2416 promitterent,
1041 2375 1179 2408 Iberiae
1204 2376 1341 2408 scilicet
1358 2381 1393 2408 et
1411 2375 1647 2419 Trapezuntis
1676 2373 1742 2406 ‹le-

305 2423 428 2462 spotae
452 2428 623 2463 regesque
642 2444 651 2459 ‚
681 2424 831 2462 uterque
874 2425 909 2452 te
947 2432 1090 2465 rogans,
1125 2423 1191 2467 ipsi
1220 2428 1258 2455 ut
1281 2422 1487 2455 concilim-es
1514 2421 1581 2454 hoc
1606 2431 1744 2453 connu-

303 2463 416 2505 bium,
453 2470 494 2498 ut
514 2464 670 2509 prudens
697 2470 733 2498 et
760 2465 878 2498 fidelis
910 2468 1072 2501 minister
1107 2469 1296 2502 decrevisti
1321 2473 1357 2502 et
1383 2468 1510 2508 fecisti,
1532 2466 1629 2513 quod
1655 2465 1744 2500 mihi

308 2510 530 2543 commodum
568 2516 604 2544 et
629 2511 859 2545 utilissimum
886 2519 1002 2553 esset,
1043 2521 1078 2547 et
1103 2516 1190 2560 quid
1216 2516 1283 2548 tibi
1312 2514 1511 2555 videretur,
1534 2525 1599 2559 per
1623 2514 1745 2548 literas

305 2556 393 2589 mihi
415 2557 568 2591 suasisti.
591 2557 685 2591 illud
707 2569 871 2603 magnum
907 2561 994 2592 mihi
1018 2564 1258 2595 testimouium
1285 2568 1361 2596 erat
1384 2568 1469 2595 tuae
1494 2571 1575 2606 erga
1599 2572 1656 2594 me
1679 2571 1745 2593 vo-

308 2603 455 2636 luntatis
492 2609 529 2637 et
559 2603 810 2648 benignitatis:
842 2611 878 2638 et
908 2613 1005 2639 certo
1034 2609 1133 2649 scito,
1162 2609 1268 2654 digna
1294 2620 1351 2642 me
1375 2609 1443 2642 tibi
1466 2608 1621 2654 praemia
1646 2607 1746 2640 solu-

310 2655 446 2690 turum,
477 2650 598 2696 quoad
634 2651 673 2684 in
709 2652 795 2686 vivis
822 2663 893 2685 ero.
941 2654 1036 2698 quod
1076 2661 1192 2688 autem
1220 2656 1264 2689 (le
1288 2656 1459 2689 Serviano
1484 2665 1539 2687 me
1563 2653 1744 2687 connubio

311 2707 423 2740 rogas,
449 2707 500 2730 res
536 2708 578 2730 ea
603 2697 652 2730 ita
695 2699 825 2734 evenit.
855 2711 971 2734 amera
1004 2707 1142 2735 mortuo
1179 2707 1214 2734 et
1239 2703 1387 2748 coniuge
1427 2702 1502 2735 eius
1531 2712 1669 2735 reversa
1698 2701 1743 2734 ad
