1806 3190
327 99 432 157 522
728 120 945 162 JOANle
995 120 1359 163 ANAGNosTAe

240 225 307 269 364
327 219 464 262 αὐτῶν
491 219 622 269 οἴκίας
654 218 727 261 κατ’
766 218 845 262 ὅσα
886 220 1057 275 ἀκίνητα
1094 220 1244 269 πάντες
1280 220 1506 277 ἀνέλαβον,
1549 223 1622 265 καί
1644 223 1759 275 τάξις

325 287 440 338 πᾶσα
463 287 535 328 καί
561 282 671 327 ἅπαν
701 284 821 334 ἔθνος
848 287 922 340 τῆς
949 285 1104 334 πόλεως
1133 285 1236 340 πρὸς
1262 287 1460 339 δευτέραν
1487 283 1663 343 αὔξησιν
1688 292 1761 332 καὶ

323 349 621 403 ἅνακαινισμὸν
650 354 891 406 προβαίνειν
931 349 1193 407 α’πήρξαντο,
1223 351 1374 406 ποιμήν
1403 368 1448 394 τε
1475 355 1526 410 τῇ
1551 354 1665 396 πόλει
1693 371 1761 396 κε-

321 414 603 472 χειροτόνητο,
632 417 706 458 καί
741 419 934 472 ἐκκλησία
961 420 1139 472 συνέστη
1179 418 1251 458 καί
1276 417 1350 472 την
1380 421 1580 474 προτέραν
1606 420 1759 475 ταύτης

320 483 437 532 τάξιν
465 483 692 538 α’πείληφε,
729 484 914 536 μοναχοί
930 498 976 525 τε
1015 487 1097 525 τῶν
1133 486 1272 536 μονῶν
1305 483 1552 536 ἐπελάβοντο
1589 488 1661 528 καὶ
1687 486 1796 529 διᾰό

320 549 506 602 σπουδῆς
533 549 747 590 ἐποιοῦντο
789 547 864 602 τήν
891 546 1049 591 τούτων
1079 551 1286 602 ἐπίδοσιν,
1324 551 1398 590 καί
1437 547 1588 600 πάντες
1623 551 1760 594 ἐλπίσι

318 620 519 669 χρησταῖς
545 613 838 669 ἐτρεφόμεθα,
870 614 943 656 καί
969 613 1178 668 συντόμως
1205 618 1336 657 εἰπεῖν
1362 618 1444 657 τῶν
1473 617 1518 658 ἐκ
1548 618 1621 671 τῆς
1651 615 1759 659 ‹2206-

321 695 427 728 σεως
462 679 563 734 ἡμῖν
597 679 798 722 ἐπιόντων
830 682 966 722 κακῶν
1003 680 1078 735 τήν
1115 681 1281 735 μνήμην
1324 681 1650 736 α’πεβαλόμεθα,
1688 685 1762 725 καί

318 749 531 799 χαίροντες
560 741 664 801 ἦμεν
692 748 762 802 ἐφ’
793 743 852 797 οἷς
881 745 1092 802 α’δοκήτως
1117 747 1330 800 ἐτύχομεν,
1357 748 1429 788 καί
1453 746 1529 803 τήν
1556 750 1761 804 προτέραν

320 812 548 864 ἀπολαβεῖν
585 811 659 867 τὴν
699 814 820 854 πόλιν
866 812 1085 868 εὐετηρίαν
1111 813 1352 868 ἠλπίζομεν,
1380 812 1463 856 τότ’
1489 815 1534 864 ἐξ
1557 813 1702 869 ἡμῶν,
1733 811 1806 869 ἧιι

320 880 523 932 παροιμία
551 880 705 934 φησίν,
740 877 761 920 ὃ
791 877 893 931 ἱμάς
929 882 1191 935 ε’ξετέτμητο,
1236 882 1310 922 καί
1346 881 1407 929 εἷς
1440 880 1678 923 τούναντίον
1706 880 1757 924 τὰ

319 945 403 986 τῶν
432 943 610 986 ἐλπίδων
636 944 985 1000 περιετράπησαν.

430 1007 479 1053 κ’.
538 1011 632 1052 Και
660 1010 709 1065 δη
738 1012 787 1067 τῇ
819 1010 1099 1068 Θεσσαλονίκη
1141 1011 1503 1067 «ἐπιδεδημηκώςε
1481 1029 1502 1055 ο
1529 1010 1761 1067 ΙΙἸουράτης

321 1073 550 1130 (δεύτερον,
582 1073 713 1130 οἶμαι,
742 1078 969 1131 τηνικαῦτα
1008 1078 1224 1120 ὁιίππευεν
1251 1076 1341 1127 ε’τος
1366 1077 1473 1131 μετὰ
1506 1094 1579 1132 την
1603 1075 1760 1120 ἅλωσιν

318 1137 347 1195 ἢ
371 1142 530 1198 τρίτον)
562 1143 632 1198 ἐφ’
667 1138 701 1201 ᾧ
737 1143 892 1197 ταύτην
921 1145 1024 1185 ἰδεῖν
1061 1146 1134 1185 καί
1165 1145 1456 1199 ἀκριβέστερον
1483 1143 1534 1186 τὰ
1565 1149 1654 1187 κατ’
1683 1161 1758 1185 av·
1776 1146 1806 1191 il

318 1224 392 1261 την
419 1205 649 1263 ἱστορῆσαι,
678 1225 747 1250 και
787 1211 870 1251 τῶν
902 1211 973 1250 α’π’
1003 1209 1130 1264 αυτῆς
1160 1213 1296 1251 καλῶν
1322 1211 1663 1263 α’πολελαυκέναι,
1690 1226 1759 1251 και

320 1274 498 1329 δωρεαῖς
524 1274 724 1329 μεγάλαις
752 1270 1219 1331 ἆντιφιλοτιμήσασθαι,
1247 1274 1320 1318 τὸν
1349 1277 1508 1318 ἐκείνου
1530 1292 1575 1318 τε
1604 1278 1660 1334 τῷ
1689 1292 1761 1332 φι-
1802 1317 1806 1330 ‚

319 1341 475 1398 λοτίμῳ
504 1342 576 1395 τῆς
602 1339 768 1396 γνώμης
799 1341 1069 1396 μιμήσασθαι
1108 1342 1323 1396 πρόγονον,
1354 1344 1656 1397 Θεσσαλονίκης
1688 1343 1761 1384 xa'-
1797 1360 1806 1398 ξ

235 1412 303 1449 365
319 1410 451 1447 κεῖνον
477 1405 745 1461 κρατήσαντα
783 1407 857 1448 καί
894 1405 1043 1463 χάρισι
1069 1409 1227 1462 ταύτην
1255 1412 1425 1458 πολλαῖς
1456 1407 1760 1462 α’μειψάμενον,
1803 1413 1806 1419 “

319 1496 376 1504 -
400 1467 536 1520 οὕτως
582 1467 657 1514 οὖν
682 1471 846 1528 γνώμης
885 1471 994 1526 ἔχων
1024 1475 1096 1515 καί
1129 1473 1234 1526 μετὰ
1262 1473 1632 1529 τοιαυτηςέλθών,
1666 1472 1688 1516 ὅ
1716 1477 1806 1534 (leat

320 1535 378 1592 μη
413 1539 490 1579 οὐκ
514 1538 694 1592 ἀγαθαῖς
722 1539 930 1592 ὑπαχθείς
959 1541 1237 1593 συμβουλίαις
1257 1533 1766 1594 μεταβουλεύεταίτεκαί
1795 1584 1801 1594 Β

1453 1602 1472 1617 (Χ

323 1602 398 1658 τὴν
424 1605 632 1658 προτέραν
659 1605 909 1660 μετατίθησι
935 1604 1124 1661 γνώμην,
1155 1607 1227 1647 καί
1268 1604 1296 1647 ἃ
1329 1609 1426 1648 καθ’
1450 1622 1495 1647 ον
1523 1603 1764 1659 ἐαλιόκαμεν

321 1666 476 1724 χρόνον
505 1668 556 1710 οὐ
584 1670 797 1725 πέπραχε,
834 1675 923 1712 κατ’
963 1673 1094 1714 ἐκεῖνο
1127 1670 1179 1726 δὴ
1223 1673 1296 1714 τοῦ
1324 1673 1474 1727 καιροῦ
1508 1671 1762 1727 παρώρμητο

411 1800 446 1833 9.
471 1785 699 1834 εὐτυχοῦμεν
711 1788 727 1821 ?

321 1895 470 1929 mobilia
495 1906 618 1930 omnes
644 1903 910 1941 recuperarunt,
937 1903 973 1931 et
998 1897 1083 1930 ordo
1109 1899 1222 1931 omnis
1249 1904 1286 1932 et
1312 1909 1396 1943 gens
1420 1899 1584 1931 universa
1608 1898 1763 1932 civitatis
1791 1904 1793 1907 ’

322 1943 478 1976 secundo
503 1944 623 1987 augeri
648 1945 881 1989 renovarique
905 1944 1001 1977 haud
1026 1946 1244 1990 improspere
1273 1956 1434 1990 coepere,
1461 1950 1496 1978 et
1519 1950 1641 1990 pastor
1665 1945 1763 1978 urbis
1788 1973 1789 1977 ,

322 1996 471 2030 creatus,
499 1995 536 2023 et
561 1990 709 2024 ecclesia
737 1992 895 2025 constitit
917 1993 988 2024 suis
1014 1993 1185 2026 institutis
1211 1993 1412 2037 conspicua,
1438 1998 1475 2025 et
1498 1991 1661 2025 monachi
1686 2003 1763 2025 mo-

321 2038 476 2071 nasteria
498 2042 694 2070 tenuerunt
718 2044 755 2070 et
783 2039 944 2072 studiose
970 2038 1160 2072 admodum
1190 2049 1311 2072 eorum
1337 2040 1534 2083 augmentis
1560 2038 1761 2079 inhiabant,

323 2095 519 2130 omnesque
538 2096 599 2129 spe
623 2084 841 2118 laetabamur
860 2086 966 2126 bona,
994 2092 1030 2119 et
1052 2092 1090 2120 ut
1114 2086 1269 2120 breviter
1293 2099 1348 2119 me
1374 2086 1570 2131 expediam,
1588 2086 1761 2119 malorum
1787 2082 1790 2087 ⁶

320 2137 469 2186 *propter
506 2131 686 2164 excidium
722 2132 828 2165 nobis
859 2133 1043 2166 illatorum
1080 2133 1248 2166 memoria
1282 2135 1408 2166 amissa
1433 2132 1672 2177 gaudebamus
1698 2143 1786 2177 prov

321 2178 364 2211 iis
389 2189 483 2223 quae
507 2178 610 2211 nobis
634 2179 812 2223 insperato
839 2179 1053 2223 obtigerant,
1079 2187 1116 2213 et
1143 2181 1329 2224 pristinam
1357 2181 1566 2213 felicitatem
1584 2180 1782 2224 tranquil-.

322 2225 533 2270 litatemque
572 2231 839 2258 consecuturam
868 2227 990 2259 urbem
1019 2227 1267 2272 sperabamus,
1300 2233 1374 2261 tum
1400 2239 1444 2260 ex
1467 2226 1584 2268 nobis,
1613 2232 1653 2260 ut
1675 2237 1763 2271 pro·

321 2271 445 2305 verbio
473 2273 603 2313 fertur,
642 2273 755 2306 lorum
780 2278 957 2319 sumptum
982 2281 1057 2316 est,
1080 2280 1118 2308 et
1143 2285 1236 2320 quae
1271 2274 1570 2320 exspectabantur
1593 2273 1698 2315 bona,
1722 2273 1761 2307 in

324 2319 542 2352 contrarium
575 2319 789 2353 reciderunt.

413 2376 470 2398 20.
517 2367 606 2399 Nam
632 2365 922 2400 Thessalonicam
949 2374 1114 2412 repetens
1138 2368 1294 2401 Murates
1329 2367 1519 2414 (secundus
1542 2373 1617 2401 tum
1641 2378 1760 2400 curre·

322 2412 384 2446 bat
409 2413 467 2445 vel
492 2413 618 2446 tertius
642 2419 724 2458 post
750 2413 927 2447 excidium
952 2416 1084 2461 annus)
1117 2421 1156 2448 ut
1181 2427 1256 2448 eain
1282 2416 1463 2455 inviseret,
1489 2414 1760 2459 accuratiusque
1781 2447 1784 2451 ,

322 2471 378 2492 res
403 2460 502 2492 illius
531 2460 742 2501 addisceret,
768 2466 805 2494 et
831 2461 934 2494 bonis
959 2462 1057 2495 illius
1081 2463 1266 2502 frueretur,
1292 2468 1328 2495 et
1352 2462 1559 2495 muneribus
1584 2461 1760 2494 munificis

321 2507 557 2540 contenderet
593 2519 671 2540 cum
705 2519 770 2541 suo
809 2509 1060 2552 progenitore,
1097 2510 1268 2553 illiusque
1309 2510 1467 2553 vestigiis
1492 2509 1675 2541 insisteret
1699 2519 1763 2552 qui

321 2553 576 2588 Thessalonica
600 2555 738 2599 potitus
762 2555 891 2599 gratias
929 2556 1131 2588 innumeras
1158 2557 1433 2601 lirgitionesque
1457 2556 1626 2588 maximas
1651 2555 1759 2588 fecit:

320 2599 397 2640 hic,
422 2601 580 2646 inquam,
597 2602 708 2635 fretus
731 2607 863 2643 mente,
890 2602 1060 2647 illiusque
1079 2603 1328 2647 exsequendae
1346 2615 1448 2636 causa
1473 2603 1633 2642 veniens,
1658 2607 1759 2646 post-

319 2647 464 2680 modum
489 2648 591 2681 malis
618 2649 770 2682 aliorum
787 2649 1044 2682 monitionibus
1071 2649 1260 2683 distractus
1285 2650 1472 2683 consilium
1497 2650 1776 2702 pristinamque

320 2695 533 2729 seutentiam
571 2701 704 2740 mutat5
740 2701 776 2729 et
800 2706 910 2742 quae,
942 2707 1012 2742 quo
1037 2697 1130 2742 capti
1155 2709 1274 2730 nunus
1297 2703 1479 2742 tempore,
1510 2706 1584 2729 non
1609 2694 1758 2741 peregit,
