1806 3190
332 122 443 190 462
790 138 1020 179 10ANNsss
1069 135 1318 178 CANANUS

331 257 423 293 γον,
454 240 528 281 καί
553 238 752 291 οὔδεμίαν
779 237 940 292 βλάβην
967 243 1054 285 τοῖς
1077 237 1302 289 Ῥωμαίοις
1330 238 1453 279 τοῦτο
1480 241 1772 295 προυξένησεν,

332 306 423 348 ἀλλ’
455 306 555 348 ου’δὲ
579 310 663 352 τοῖς
687 303 888 356 Τούρκοις
910 302 1129 357 ω’φέλειαν.
1185 298 1235 356 ἧν
1251 300 1331 356 γάρ
1354 299 1375 342 ὅ
1396 302 1519 353 τόπος
1547 303 1618 346 καί
1642 307 1774 348 auida

331 373 406 413 καί
442 371 598 426 πύργος
634 370 808 423 πλησίον
841 370 1063 422 Κυριακῆς
1105 369 1179 422 τῆς
1206 367 1354 422 ἁγίας,
1390 370 1518 419 μέσον
1554 369 1775 422 Ῥωμανοῦ

331 439 408 481 τοῦ
438 437 557 491 οἷγίου
588 437 661 476 καί
687 436 761 490 τῆς
790 436 968 490 Χαρσῆς
995 449 1038 475 τε
1078 431 1154 488 τήν
1190 434 1339 488 πύλην,
1380 436 1452 476 καί
1478 437 1775 491 πλησιέστερον

291 508 320 541 B
333 505 488 546 τούτων
526 503 586 550 εἰς
629 499 698 542 τὸν
742 500 928 553 ποταμὸν
968 498 1040 541 τὸν
1083 498 1438 551 ἐπονομαζόμενον
1473 501 1634 543 Λύκον.
1702 501 1806 548 καίᾶ

331 571 467 611 ταῦτα
505 569 582 621 μὲν
622 569 721 621 περὶ
755 569 838 608 τῶν
872 566 1158 619 βουμποίρὸων
1195 564 1272 619 την
1307 564 1541 619 ἀπραξίαν·
1599 567 1698 621 περί
1727 569 1773 610 δὲ

331 637 415 676 τῶν
456 629 593 676 ἄλλων
636 635 720 675 τῶν
760 634 1027 674 κατασκευῶν
1064 634 1146 672 τῶν
1185 633 1407 684 μαχᾲιων,
1447 634 1531 673 τῶν
1568 632 1774 675 παντοίων

331 702 498 742 ἐκείνων
540 700 624 741 τῶν
653 696 756 741 κατὰ
804 701 876 752 τῆς
912 696 1071 746 πόλεως
1110 698 1392 752 εἰργασμένων
1434 697 1494 746 εἰς
1532 698 1775 753 πολιορκίαν

329 765 486 822 ἐκείνης
521 767 595 808 καί
630 763 871 820 α’φανισμὸν
913 765 996 805 τῶν
1018 763 1260 816 Ῥωμαίων,
1300 764 1363 812 τίς
1389 762 1624 819 διηγήσεται
1658 759 1774 818 ἄρας

329 830 439 886 πλὴν
466 831 513 873 ἐκ
539 832 620 873 τῶν
648 832 811 872 πολλῶν
839 828 983 883 ὀλίγας
1010 827 1262 882 διηγήσομαι
1284 823 1394 884 ἄρτι.
1450 828 1633 883 πύργους
1661 831 1804 881 §vll-1

330 914 426 948 νους
443 898 664 952 μεγίστους
682 896 737 948 μὲ
757 911 827 950 τρο
828 894 933 950 χούς
951 896 1406 950 σιδηροδεσμουμένους
1425 892 1604 945 πολλούς
1631 896 1775 952 &nonj—

329 979 456 1006 σαντο
483 963 592 1016 τότε,
622 958 720 1005 ὅσον
749 960 794 1004 τὸ
825 959 938 1014 ’ὕψος
966 964 1049 1002 τῶν
1075 959 1247 1015 πύργων
1272 963 1347 1016 τῆς
1380 962 1559 1010 πόλεως·
1613 966 1774 1016 μᾶλλον

330 1032 405 1072 καί
429 1026 654 1085 ὖπερεῖχον
685 1029 884 1077 ἐκείνους.
916 1026 990 1068 καί
1017 1025 1142 1082 ζεύγη
1169 1028 1280 1080 βοῶν
1299 1029 1373 1069 καί
1389 1030 1626 1081 βουβαλίων
1655 1026 1775 1071 οἷπεί-

333 1112 418 1150 ρων
441 1094 608 1150 εἴχασιν
633 1095 678 1144 ἐξ
707 1091 904 1147 ἑτοίμου,
950 1094 1018 1135 ἴνα
1047 1091 1145 1142 τούς
1180 1091 1366 1148 πύργους
1390 1095 1641 1148 ταυρίσουσι
1667 1093 1772 1147 μετὰ

330 1164 527 1216 σχοινίων
556 1161 630 1202 καί
656 1163 829 1215 πλησίον
860 1159 932 1214 τῆς
965 1160 1123 1207 σούδας
1150 1162 1337 1214 φέρωσιν
1363 1161 1434 1201 καί
1464 1161 1507 1209 ἐξ
1536 1162 1702 1202 ἐκείνων
1726 1158 1771 1202 τό
1792 1176 1806 1204 ι

330 1227 409 1279 ἔξω
438 1228 612 1282 κάστρον
636 1223 904 1280 πολεμήσωσι
927 1226 998 1267 καί
1026 1225 1305 1280 ἀφανίσωσιν.
1352 1223 1459 1266 α’λλὰ
1487 1227 1559 1266 καί
1587 1226 1773 1282 φαλκού-

291 1300 319 1335 C
334 1311 400 1336 νια
429 1291 679 1348 ἐποιήσαντο
710 1294 781 1334 καί
791 1288 981 1346 χελώνας
1007 1292 1078 1333 καί
1098 1290 1398 1345 οἷρκουὸοἱμαξα
1417 1292 1490 1333 καί
1506 1286 1613 1334 ἄλλα
1641 1291 1772 1333 πολλὰ

330 1359 473 1412 ξύλινα
500 1359 571 1402 καὶ
598 1357 926 1415 μηχανικώτατα
956 1357 1074 1412 ἔργα,
1107 1357 1179 1398 καί
1205 1355 1412 1406 ἑλεπόλεις
1445 1357 1776 1400 ἐκατεσκεύασαν

327 1426 401 1468 καί
425 1426 660 1481 μηχανικὰς
687 1421 871 1478 α’γκάλας
888 1425 941 1477 μὲ
969 1421 1147 1477 τροχοὺς
1167 1420 1356 1478 μικρούς,
1385 1425 1458 1465 καί
1471 1421 1656 1478 μεγάλας
1682 1439 1775 1466 aue·

325 1489 490 1541 παστοῖς
508 1494 581 1534 καί
605 1492 759 1545 μεσέας
787 1490 894 1544 ὑπὲρ
926 1487 1110 1544 ἀριθμὸν
1136 1488 1423 1541 διεπράξαντο,
1455 1494 1526 1531 καὶ
1560 1492 1806 1534 κατέναντια

327 1560 411 1600 τῶν
439 1556 602 1612 πόρτων
630 1559 703 1612 τῆς
728 1557 887 1606 πόλεως
915 1553 1112 1611 τεράστια
1138 1556 1302 1608 μεγάλα
1332 1556 1589 1609 εἰργάσαντο,
1618 1554 1777 1611 κοίστρη

327 1622 474 1675 ξύλινα
502 1624 766 1679 ὑπερμεγέθη
790 1621 1034 1677 ἐποιήσαντο
1050 1622 1104 1674 μὲ
1129 1620 1303 1675 τροχούς
1330 1622 1777 1677 σιὸηροὸ“εσμομένους,

328 1687 438 1733 ὥστε
470 1688 569 1739 τούς
617 1691 884 1745 θεωροῦντας
928 1689 1064 1730 ἐκεῖνα
1092 1686 1166 1729 καί
1193 1688 1445 1742 ἀγνοοῦντας
1483 1690 1563 1730 τῶν
1588 1687 1777 1743 κάστρων

423 1835 457 1858 2.
486 1820 543 1871 ἦν]
568 1817 661 1866 πλὴν
679 1822 786 1867 vulgo

331 1947 499 1983 Romanis
524 1959 630 1989 noxa,
657 1947 796 1980 nullum
822 1945 983 1979 hostibus
1008 1937 1288 1979 emolumentuin
1313 1945 1472 1978 accessit.
1522 1949 1598 1979 erat
1618 1956 1701 1979 vero
1717 1946 1775 1980 lo-

330 2010 395 2030 cus
429 2002 466 2031 et
497 1996 590 2029 fossa
615 2005 727 2041 prope
758 1994 931 2039 templum
969 1998 1111 2025 sanctae
1139 1992 1316 2035 cyriacae,
1343 1993 1438 2025 inter
1466 1999 1624 2026 sanctum
1650 1994 1780 2026 Romn-

330 2056 416 2078 nnm
429 2049 467 2077 et
490 2049 628 2089 portam
644 2041 808 2082 chax-sae,
834 2041 980 2086 propius
1001 2040 1137 2072 flumini
1164 2040 1220 2072 cui
1237 2040 1330 2083 Lyco
1355 2050 1497 2072 nomen.
1527 2045 1564 2073 et
1580 2039 1669 2072 haec
1693 2041 1775 2086 qui—

331 2092 414 2125 dem
441 2091 486 2124 de
508 2088 783 2123 bombardarum
800 2088 910 2121 irritis
929 2093 966 2121 et
992 2088 1068 2119 sine
1094 2087 1255 2131 profectu
1283 2086 1424 2119 ictibus.
1454 2085 1499 2119 de
1525 2087 1667 2132 reliquo
1690 2098 1774 2121 vero

327 2143 504 2184 apparatu
530 2137 676 2178 bellico,
697 2136 793 2169 vario
819 2135 965 2180 quidem
991 2134 1055 2167 illo
1085 2145 1126 2166 ac
1148 2133 1348 2177 multiplice
1382 2132 1428 2166 ad
1455 2133 1688 2167 obsidendam
1714 2146 1776 2167 ur-

327 2186 411 2221 bem
435 2186 664 2229 Graecosque
700 2182 925 2227 dissipandos
967 2187 1157 2224 congest0‚
1197 2181 1275 2226 quis
1311 2181 1561 2214 enarraverit?
1620 2181 1697 2226 ipse
1731 2176 1794 2214 ex'

327 2233 451 2267 multis
476 2243 588 2278 pauca
611 2229 803 2264 admodum
820 2230 857 2262 in
876 2228 1035 2262 medium
1052 2227 1242 2273 proferam.
1292 2231 1406 2260 turres
1431 2228 1568 2272 ligneas
1592 2228 1774 2270 maximas,
1799 2230 1801 2233 ’

329 2281 418 2314 rotis
445 2280 539 2314 ferro
565 2277 753 2322 colligatis,
781 2277 911 2309 multas
944 2286 986 2308 eo
1006 2281 1167 2319 tempore
1194 2279 1447 2319 compegerunt
1479 2274 1523 2307 ad
1547 2273 1775 2308 altitudinem

330 2327 429 2360 urbis
455 2326 626 2366 turrium,
654 2335 742 2370 quas
770 2325 878 2357 etiam
906 2322 1145 2367 superabant3
1168 2322 1250 2365 iuga
1277 2321 1386 2354 boum
1412 2333 1452 2354 ac
1477 2320 1692 2366 bubalorum
1715 2323 1775 2355 in-

327 2385 496 2414 numera,
521 2373 582 2419 qui
609 2371 792 2405 traherent
819 2382 878 2403 eas
907 2369 1054 2402 funibus
1080 2374 1116 2402 et
1141 2367 1186 2402 ad
1214 2369 1326 2401 fossas
1362 2368 1555 2402 eveherent
1577 2380 1654 2401 cum
1684 2380 1775 2414 opus

327 2422 466 2463 fuisset,
494 2424 756 2464 congesserant,
783 2423 822 2450 ut
844 2417 917 2450 inis
945 2418 1164 2449 munimenta
1184 2415 1280 2448 urbis
1306 2415 1480 2448 exteriora
1506 2427 1675 2460 oppressa
1701 2414 1797 2449 dis-¹

327 2470 489 2502 iicerent.
538 2467 623 2500 item
656 2465 870 2512 phalcunia,
896 2463 1116 2503 testudines,
1140 2462 1372 2495 arcudamaxa
1396 2462 1606 2508 diversaque
1630 2462 1701 2496 alia
1725 2463 1776 2496 li-

327 2527 418 2559 gnea
443 2527 487 2549 ex
511 2514 633 2547 abdita
666 2512 951 2546 mechanicorum
981 2510 1171 2555 disciplina
1211 2510 1450 2543 instrumenta
1474 2516 1510 2543 et
1534 2509 1776 2543 obsidionalia

326 2563 566 2603 fabricarunt3
590 2571 731 2594 necnon
757 2559 896 2592 ancalas
923 2569 1001 2589 cum
1027 2558 1114 2590 rotis
1141 2557 1269 2601 parvis,
1307 2557 1470 2601 ingentes
1496 2557 1602 2589 etiam
1630 2562 1668 2590 et
1691 2568 1776 2590 eoo-

325 2615 446 2654 pertas
472 2615 509 2642 et
534 2607 668 2641 medias
696 2617 802 2651 supra
829 2616 1012 2638 numerum
1038 2604 1281 2644 confecerunt,
1314 2609 1351 2636 et
1377 2603 1544 2636 adversus
1568 2602 1666 2636 urbis
1689 2614 1791 2648 por--

324 2661 380 2689 tas
404 2661 622 2690 monstrosas
646 2664 860 2698 magnasque
880 2651 1059 2684 machinas
1085 2650 1337 2691 condiderunt,
1361 2651 1508 2683 castella
1527 2651 1646 2694 lignea
1666 2661 1795 2695 quam]

327 2704 479 2736 maxima
507 2703 593 2736 rotis
620 2701 713 2735 ferro
737 2699 990 2744 circumligatis
1006 2697 1149 2741 innixa3
1181 2698 1230 2731 ita
1250 2703 1290 2731 ut
1307 2708 1347 2731 ea
1364 2698 1546 2731 intuentes
1573 2703 1608 2731 et
1633 2697 1790 2731 urbium'
