<?xml version="1.0" encoding="UTF-8"?>
<!DOCTYPE html PUBLIC "-//W3C//DTD XHTML 1.0 Transitional//EN"
    "http://www.w3.org/TR/xhtml1/DTD/xhtml1-transitional.dtd">
<html xmlns="http://www.w3.org/1999/xhtml" xml:lang="en" lang="en">
 <head>
  <title>
</title>
<meta http-equiv="Content-Type" content="text/html;charset=utf-8" />
  <meta name='ocr-system' content='tesseract 3.04.00' />
  <meta name='ocr-capabilities' content='ocr_page ocr_carea ocr_par ocr_line ocrx_word'/>
</head>
<body>
  <div class='ocr_page' id='page_1' title='image "./corpusscriptorum19niebuoft_0356.png"; bbox 0 0 1806 3190; ppageno 0'>
   <div class='ocr_carea' id='block_1_1' title="bbox 312 127 1305 194">
    <p class='ocr_par' dir='ltr' id='par_1_1' title="bbox 312 127 1305 194">
     <span class='ocr_line' id='line_1_1' title="bbox 312 127 1305 194; baseline 0.002 -12"><span class='ocrx_word' id='word_1_1' title='bbox 312 127 422 194; x_wconf 73' lang='grc'><em>344</em></span> <span class='ocrx_word' id='word_1_2' title='bbox 723 146 947 194; x_wconf 59' lang='lat' dir='ltr'><strong>Gssoneu</strong></span> <span class='ocrx_word' id='word_1_3' title='bbox 988 143 1305 186; x_wconf 71' lang='grc' dir='ltr'><strong>ΡΗΒΑΝΤΖΑΕ</strong></span> 
     </span>
    </p>
   </div>
   <div class='ocr_carea' id='block_1_2' title="bbox 300 239 1806 1807">
    <p class='ocr_par' dir='ltr' id='par_1_2' title="bbox 300 239 1789 1084">
     <span class='ocr_line' id='line_1_2' title="bbox 309 239 1738 298; baseline 0 -11"><span class='ocrx_word' id='word_1_4' title='bbox 309 247 352 295; x_wconf 74' lang='grc' dir='ltr'><em>ἐξ</em></span> <span class='ocrx_word' id='word_1_5' title='bbox 382 243 534 285; x_wconf 74' lang='grc' dir='ltr'><em>αὐτῶν.</em></span> <span class='ocrx_word' id='word_1_6' title='bbox 590 245 697 297; x_wconf 79' lang='grc' dir='ltr'><em>λέγει</em></span> <span class='ocrx_word' id='word_1_7' title='bbox 740 240 762 293; x_wconf 78' lang='grc' dir='ltr'><strong><em>ὅ</em></strong></span> <span class='ocrx_word' id='word_1_8' title='bbox 802 242 989 298; x_wconf 81' lang='grc' dir='ltr'><em>Χριστὸς</em></span> <span class='ocrx_word' id='word_1_9' title='bbox 1016 241 1114 296; x_wconf 73' lang='grc' dir='ltr'><em>περὶ</em></span> <span class='ocrx_word' id='word_1_10' title='bbox 1143 239 1333 285; x_wconf 77' lang='grc' dir='ltr'><em>Ἰωάννου</em></span> <span class='ocrx_word' id='word_1_11' title='bbox 1366 242 1444 284; x_wconf 72' lang='grc' dir='ltr'><em>ποῦ’</em></span> <span class='ocrx_word' id='word_1_12' title='bbox 1471 241 1568 284; x_wconf 77' lang='grc' dir='ltr'><em>υἱοῦ</em></span> <span class='ocrx_word' id='word_1_13' title='bbox 1591 247 1738 298; x_wconf 81' lang='grc' dir='ltr'><em>Ζαχα-</em></span> 
     </span>
     <span class='ocr_line' id='line_1_3' title="bbox 308 305 1738 365; baseline 0 -13"><span class='ocrx_word' id='word_1_14' title='bbox 308 310 416 365; x_wconf 80' lang='grc' dir='ltr'><em>ρίου,</em></span> <span class='ocrx_word' id='word_1_15' title='bbox 444 311 670 363; x_wconf 77' lang='grc' dir='ltr'><em>μαρτυρῶν</em></span> <span class='ocrx_word' id='word_1_16' title='bbox 707 306 833 350; x_wconf 70' lang='grc' dir='ltr'><em>αὐτὸν</em></span> <span class='ocrx_word' id='word_1_17' title='bbox 861 305 1076 364; x_wconf 77' lang='grc' dir='ltr'><em>προφήτην</em></span> <span class='ocrx_word' id='word_1_18' title='bbox 1106 308 1177 350; x_wconf 82' lang='grc' dir='ltr'><em>καί</em></span> <span class='ocrx_word' id='word_1_19' title='bbox 1198 310 1389 361; x_wconf 84' lang='grc' dir='ltr'><em>μέγιστον</em></span> <span class='ocrx_word' id='word_1_20' title='bbox 1417 306 1646 363; x_wconf 73' lang='grc' dir='ltr'><em>προφήτην,</em></span> <span class='ocrx_word' id='word_1_21' title='bbox 1677 306 1738 352; x_wconf 76' lang='grc' dir='ltr'><em>ὅτι</em></span> 
     </span>
     <span class='ocr_line' id='line_1_4' title="bbox 306 371 1740 433; baseline -0.001 -16"><span class='ocrx_word' id='word_1_22' title='bbox 306 375 458 424; x_wconf 79' lang='grc' dir='ltr'><em>πάντες</em></span> <span class='ocrx_word' id='word_1_23' title='bbox 487 373 526 415; x_wconf 80' lang='grc' dir='ltr'><em>οἱ</em></span> <span class='ocrx_word' id='word_1_24' title='bbox 555 375 769 430; x_wconf 79' lang='grc' dir='ltr'><em>προφῆται</em></span> <span class='ocrx_word' id='word_1_25' title='bbox 789 372 867 422; x_wconf 79' lang='grc' dir='ltr'><em>ἕως</em></span> <span class='ocrx_word' id='word_1_26' title='bbox 893 372 1084 415; x_wconf 75' lang='grc' dir='ltr'><em>Ἰωάννου</em></span> <span class='ocrx_word' id='word_1_27' title='bbox 1117 371 1451 433; x_wconf 75' lang='grc' dir='ltr'><em>προεφήτευσαν,</em></span> <span class='ocrx_word' id='word_1_28' title='bbox 1481 373 1560 414; x_wconf 88' lang='grc' dir='ltr'><em>α’πό</em></span> <span class='ocrx_word' id='word_1_29' title='bbox 1592 375 1638 417; x_wconf 79' lang='grc' dir='ltr'><em>δὲ</em></span> <span class='ocrx_word' id='word_1_30' title='bbox 1663 376 1740 416; x_wconf 75' lang='grc' dir='ltr'><em>τοῦ</em></span> 
     </span>
     <span class='ocr_line' id='line_1_5' title="bbox 300 435 1742 495; baseline -0.001 -12"><span class='ocrx_word' id='word_1_31' title='bbox 300 439 542 495; x_wconf 79' lang='grc' dir='ltr'><em>Ἰωάννουῆ</em></span> <span class='ocrx_word' id='word_1_32' title='bbox 571 439 766 492; x_wconf 80' lang='grc' dir='ltr'><em>βασιλεία</em></span> <span class='ocrx_word' id='word_1_33' title='bbox 787 441 860 480; x_wconf 79' lang='grc' dir='ltr'><em>τοῦ</em></span> <span class='ocrx_word' id='word_1_34' title='bbox 887 442 992 481; x_wconf 84' lang='grc' dir='ltr'><em>θεοῦ</em></span> <span class='ocrx_word' id='word_1_35' title='bbox 1019 435 1339 493; x_wconf 72' lang='grc' dir='ltr'><em>εὐαγγελίζεται.</em></span> <span class='ocrx_word' id='word_1_36' title='bbox 1369 438 1470 495; x_wconf 77' lang='grc' dir='ltr'><em>ὁρᾷς</em></span> <span class='ocrx_word' id='word_1_37' title='bbox 1498 441 1586 488; x_wconf 73' lang='grc' dir='ltr'><em>πῶς</em></span> <span class='ocrx_word' id='word_1_38' title='bbox 1614 437 1636 481; x_wconf 81' lang='grc' dir='ltr'>ὅ</span> <span class='ocrx_word' id='word_1_39' title='bbox 1663 442 1742 493; x_wconf 81' lang='grc' dir='ltr'><em>μὲν</em></span> 
     </span>
     <span class='ocr_line' id='line_1_6' title="bbox 307 503 1778 561; baseline 0.001 -14"><span class='ocrx_word' id='word_1_40' title='bbox 307 508 503 559; x_wconf 75' lang='grc' dir='ltr'><em>Μωϋσῆς</em></span> <span class='ocrx_word' id='word_1_41' title='bbox 541 506 812 559; x_wconf 78' lang='grc' dir='ltr'><em>παραγγέλλει</em></span> <span class='ocrx_word' id='word_1_42' title='bbox 843 507 900 561; x_wconf 77' lang='grc' dir='ltr'><em>τῷ</em></span> <span class='ocrx_word' id='word_1_43' title='bbox 940 507 1048 559; x_wconf 80' lang='grc' dir='ltr'><em>γένει</em></span> <span class='ocrx_word' id='word_1_44' title='bbox 1085 508 1166 547; x_wconf 76' lang='grc' dir='ltr'><em>τῶν</em></span> <span class='ocrx_word' id='word_1_45' title='bbox 1188 505 1388 558; x_wconf 87' lang='grc' dir='ltr'><em>Ἑβραίων</em></span> <span class='ocrx_word' id='word_1_46' title='bbox 1429 504 1485 553; x_wconf 79' lang='grc' dir='ltr'><em>ὥς</em></span> <span class='ocrx_word' id='word_1_47' title='bbox 1512 505 1587 555; x_wconf 65' lang='grc' dir='ltr'><em>ἕνα</em></span> <span class='ocrx_word' id='word_1_48' title='bbox 1612 503 1778 558; x_wconf 60' lang='lat' dir='ltr'><em>adt-075</em></span> 
     </span>
     <span class='ocr_line' id='line_1_7' title="bbox 305 567 1738 625; baseline -0.001 -12"><span class='ocrx_word' id='word_1_49' title='bbox 305 571 378 614; x_wconf 83' lang='grc' dir='ltr'><em>τὸν</em></span> <span class='ocrx_word' id='word_1_50' title='bbox 408 573 452 612; x_wconf 78' lang='grc' dir='ltr'><em>ἐκ</em></span> <span class='ocrx_word' id='word_1_51' title='bbox 480 572 554 612; x_wconf 75' lang='grc' dir='ltr'><em>τοῦ</em></span> <span class='ocrx_word' id='word_1_52' title='bbox 581 573 721 624; x_wconf 82' lang='grc' dir='ltr'><em>γένους</em></span> <span class='ocrx_word' id='word_1_53' title='bbox 748 573 828 612; x_wconf 72' lang='grc' dir='ltr'><em>ταῖν</em></span> <span class='ocrx_word' id='word_1_54' title='bbox 849 570 1051 624; x_wconf 79' lang='grc' dir='ltr'><em>Ἑβραίων</em></span> <span class='ocrx_word' id='word_1_55' title='bbox 1079 567 1257 612; x_wconf 77' lang='grc' dir='ltr'><em>ἐλθόντα</em></span> <span class='ocrx_word' id='word_1_56' title='bbox 1283 569 1500 625; x_wconf 81' lang='grc' dir='ltr'><em>προφήτην</em></span> <span class='ocrx_word' id='word_1_57' title='bbox 1527 572 1738 624; x_wconf 83' lang='grc' dir='ltr'><em>δέξωνται,</em></span> 
     </span>
     <span class='ocr_line' id='line_1_8' title="bbox 307 633 1740 690; baseline -0.001 -10"><span class='ocrx_word' id='word_1_58' title='bbox 307 634 433 680; x_wconf 74' lang='grc' dir='ltr'><em>ἄλλον</em></span> <span class='ocrx_word' id='word_1_59' title='bbox 462 638 508 678; x_wconf 86' lang='grc' dir='ltr'><em>δὲ</em></span> <span class='ocrx_word' id='word_1_60' title='bbox 537 638 747 689; x_wconf 75' lang='grc' dir='ltr'><em>ου’δαμαῖς,</em></span> <span class='ocrx_word' id='word_1_61' title='bbox 777 634 881 678; x_wconf 79' lang='grc' dir='ltr'><em>α’λλοὶ</em></span> <span class='ocrx_word' id='word_1_62' title='bbox 911 635 983 677; x_wconf 81' lang='grc' dir='ltr'>καί</span> <span class='ocrx_word' id='word_1_63' title='bbox 1009 634 1154 684; x_wconf 78' lang='grc' dir='ltr'><em>πάντες</em></span> <span class='ocrx_word' id='word_1_64' title='bbox 1193 633 1231 677; x_wconf 82' lang='grc' dir='ltr'><em>οἱ</em></span> <span class='ocrx_word' id='word_1_65' title='bbox 1261 637 1475 690; x_wconf 77' lang='grc' dir='ltr'><em>προφῆται</em></span> <span class='ocrx_word' id='word_1_66' title='bbox 1503 637 1549 677; x_wconf 78' lang='grc' dir='ltr'><em>ἐκ</em></span> <span class='ocrx_word' id='word_1_67' title='bbox 1578 637 1651 677; x_wconf 79' lang='grc' dir='ltr'><em>τοῦ</em></span> <span class='ocrx_word' id='word_1_68' title='bbox 1672 638 1740 690; x_wconf 84' lang='grc' dir='ltr'><em>γέ-</em></span> 
     </span>
     <span class='ocr_line' id='line_1_9' title="bbox 305 698 1740 755; baseline -0.001 -11"><span class='ocrx_word' id='word_1_69' title='bbox 305 717 402 750; x_wconf 89' lang='grc' dir='ltr'><em>νους</em></span> <span class='ocrx_word' id='word_1_70' title='bbox 428 702 510 742; x_wconf 75' lang='grc' dir='ltr'><em>τῶν</em></span> <span class='ocrx_word' id='word_1_71' title='bbox 534 701 748 744; x_wconf 74' lang='grc' dir='ltr'><em>Ἰουδαίων</em></span> <span class='ocrx_word' id='word_1_72' title='bbox 781 700 907 743; x_wconf 86' lang='grc' dir='ltr'><em>εἰσίν·</em></span> <span class='ocrx_word' id='word_1_73' title='bbox 965 701 987 742; x_wconf 82' lang='grc' dir='ltr'>ὁ</span> <span class='ocrx_word' id='word_1_74' title='bbox 1019 703 1064 742; x_wconf 79' lang='grc' dir='ltr'><em>δὲ</em></span> <span class='ocrx_word' id='word_1_75' title='bbox 1084 699 1269 754; x_wconf 89' lang='grc' dir='ltr'><em>Χριστὸς</em></span> <span class='ocrx_word' id='word_1_76' title='bbox 1294 700 1418 742; x_wconf 81' lang='grc' dir='ltr'><em>πάλιν</em></span> <span class='ocrx_word' id='word_1_77' title='bbox 1446 698 1740 755; x_wconf 77' lang='grc' dir='ltr'><em>καθαρώτερον</em></span> 
     </span>
     <span class='ocr_line' id='line_1_10' title="bbox 303 763 1738 823; baseline -0.001 -14"><span class='ocrx_word' id='word_1_78' title='bbox 303 767 464 823; x_wconf 79' lang='grc' dir='ltr'><em>εἴρηκεν</em></span> <span class='ocrx_word' id='word_1_79' title='bbox 493 763 555 809; x_wconf 78' lang='grc' dir='ltr'><em>ὅτι</em></span> <span class='ocrx_word' id='word_1_80' title='bbox 583 765 732 815; x_wconf 83' lang='grc' dir='ltr'><em>πάντες</em></span> <span class='ocrx_word' id='word_1_81' title='bbox 761 765 798 808; x_wconf 82' lang='grc' dir='ltr'><em>οἱ</em></span> <span class='ocrx_word' id='word_1_82' title='bbox 824 769 1036 822; x_wconf 82' lang='grc' dir='ltr'><em>προφῆται</em></span> <span class='ocrx_word' id='word_1_83' title='bbox 1065 769 1142 815; x_wconf 73' lang='grc' dir='ltr'><em>ἕως</em></span> <span class='ocrx_word' id='word_1_84' title='bbox 1170 763 1373 816; x_wconf 83' lang='grc' dir='ltr'><em>Ἰωάννου,</em></span> <span class='ocrx_word' id='word_1_85' title='bbox 1403 765 1475 807; x_wconf 81' lang='grc' dir='ltr'>καί</span> <span class='ocrx_word' id='word_1_86' title='bbox 1488 768 1611 808; x_wconf 83' lang='grc' dir='ltr'><em>πλέον</em></span> <span class='ocrx_word' id='word_1_87' title='bbox 1630 766 1738 819; x_wconf 74' lang='grc' dir='ltr'><em>οὐχί.</em></span> 
     </span>
     <span class='ocr_line' id='line_1_11' title="bbox 305 829 1789 888; baseline 0.001 -13"><span class='ocrx_word' id='word_1_88' title='bbox 305 833 374 875; x_wconf 71' lang='grc' dir='ltr'><em>διὰ</em></span> <span class='ocrx_word' id='word_1_89' title='bbox 405 833 527 876; x_wconf 76' lang='grc' dir='ltr'><em>τοῦτο</em></span> <span class='ocrx_word' id='word_1_90' title='bbox 556 832 578 874; x_wconf 82' lang='grc' dir='ltr'><em>ὅ</em></span> <span class='ocrx_word' id='word_1_91' title='bbox 605 831 663 887; x_wconf 78' lang='grc' dir='ltr'><em>μὴ</em></span> <span class='ocrx_word' id='word_1_92' title='bbox 690 831 798 887; x_wconf 80' lang='grc' dir='ltr'><em>ἔχων</em></span> <span class='ocrx_word' id='word_1_93' title='bbox 824 833 1060 887; x_wconf 76' lang='grc' dir='ltr'><em>μαρτυρίαν</em></span> <span class='ocrx_word' id='word_1_94' title='bbox 1089 829 1201 885; x_wconf 79' lang='grc' dir='ltr'><em>παρὰ</em></span> <span class='ocrx_word' id='word_1_95' title='bbox 1241 832 1344 872; x_wconf 79' lang='grc' dir='ltr'><em>θεοῦ</em></span> <span class='ocrx_word' id='word_1_96' title='bbox 1369 834 1440 873; x_wconf 84' lang='grc' dir='ltr'>καί</span> <span class='ocrx_word' id='word_1_97' title='bbox 1465 834 1545 873; x_wconf 72' lang='grc' dir='ltr'><em>ταῖν</em></span> <span class='ocrx_word' id='word_1_98' title='bbox 1575 847 1738 888; x_wconf 82' lang='grc' dir='ltr'><em>προφη-</em></span> <span class='ocrx_word' id='word_1_99' title='bbox 1757 850 1789 876; x_wconf 70' lang='grc' dir='ltr'><em>ιι</em></span> 
     </span>
     <span class='ocr_line' id='line_1_12' title="bbox 303 894 1737 953; baseline 0 -13"><span class='ocrx_word' id='word_1_100' title='bbox 303 900 386 940; x_wconf 77' lang='grc' dir='ltr'><em>τῶν</em></span> <span class='ocrx_word' id='word_1_101' title='bbox 418 896 491 939; x_wconf 78' lang='grc' dir='ltr'><em>καὶ</em></span> <span class='ocrx_word' id='word_1_102' title='bbox 534 898 669 952; x_wconf 72' lang='grc' dir='ltr'><em>αὐτῆς</em></span> <span class='ocrx_word' id='word_1_103' title='bbox 700 902 771 953; x_wconf 78' lang='grc' dir='ltr'><em>τῆς</em></span> <span class='ocrx_word' id='word_1_104' title='bbox 812 897 931 945; x_wconf 87' lang='grc' dir='ltr'><em>θείας</em></span> <span class='ocrx_word' id='word_1_105' title='bbox 958 899 1123 952; x_wconf 85' lang='grc' dir='ltr'><em>γραφῆς</em></span> <span class='ocrx_word' id='word_1_106' title='bbox 1158 896 1372 951; x_wconf 80' lang='grc' dir='ltr'><em>προφήτης</em></span> <span class='ocrx_word' id='word_1_107' title='bbox 1399 896 1474 938; x_wconf 78' lang='grc' dir='ltr'><em>οιῖκ</em></span> <span class='ocrx_word' id='word_1_108' title='bbox 1504 894 1594 938; x_wconf 81' lang='grc' dir='ltr'><em>ἔστι</em></span> <span class='ocrx_word' id='word_1_109' title='bbox 1622 895 1737 953; x_wconf 73' lang='grc' dir='ltr'><em>παρὰ</em></span> 
     </span>
     <span class='ocr_line' id='line_1_13' title="bbox 304 958 1740 1019; baseline -0.001 -13"><span class='ocrx_word' id='word_1_110' title='bbox 304 965 431 1006; x_wconf 82' lang='grc' dir='ltr'><em>θεοῦ·</em></span> <span class='ocrx_word' id='word_1_111' title='bbox 491 963 512 1004; x_wconf 82' lang='grc' dir='ltr'>ὅ</span> <span class='ocrx_word' id='word_1_112' title='bbox 542 964 747 1017; x_wconf 80' lang='grc' dir='ltr'><em>Μωοίμεθ</em></span> <span class='ocrx_word' id='word_1_113' title='bbox 771 958 853 1018; x_wconf 76' lang='grc' dir='ltr'><em>ἄρα</em></span> <span class='ocrx_word' id='word_1_114' title='bbox 896 961 952 1017; x_wconf 69' lang='grc' dir='ltr'><em>μὴ</em></span> <span class='ocrx_word' id='word_1_115' title='bbox 985 961 1092 1015; x_wconf 76' lang='grc' dir='ltr'><em>ἔχων</em></span> <span class='ocrx_word' id='word_1_116' title='bbox 1120 959 1193 1016; x_wconf 76' lang='grc' dir='ltr'><em>τήν</em></span> <span class='ocrx_word' id='word_1_117' title='bbox 1225 960 1305 1003; x_wconf 81' lang='grc' dir='ltr'><em>α’πὸ</em></span> <span class='ocrx_word' id='word_1_118' title='bbox 1334 964 1402 1017; x_wconf 78' lang='grc' dir='ltr'><em>τῆς</em></span> <span class='ocrx_word' id='word_1_119' title='bbox 1430 963 1550 1012; x_wconf 81' lang='grc' dir='ltr'><em>θείοις</em></span> <span class='ocrx_word' id='word_1_120' title='bbox 1570 964 1740 1019; x_wconf 80' lang='grc' dir='ltr'><em>γραφῆς</em></span> 
     </span>
     <span class='ocr_line' id='line_1_14' title="bbox 305 1026 1408 1084; baseline -0.002 -13"><span class='ocrx_word' id='word_1_121' title='bbox 305 1030 543 1084; x_wconf 81' lang='grc' dir='ltr'><em>μαρτυρίαν</em></span> <span class='ocrx_word' id='word_1_122' title='bbox 571 1029 646 1070; x_wconf 78' lang='grc' dir='ltr'><em>οὐκ</em></span> <span class='ocrx_word' id='word_1_123' title='bbox 675 1028 786 1070; x_wconf 77' lang='grc' dir='ltr'><em>ἔστιν</em></span> <span class='ocrx_word' id='word_1_124' title='bbox 814 1028 1120 1079; x_wconf 76' lang='grc' dir='ltr'><em>ἀπεσταλμένος</em></span> <span class='ocrx_word' id='word_1_125' title='bbox 1147 1026 1260 1081; x_wconf 78' lang='grc' dir='ltr'><em>παρὰ</em></span> <span class='ocrx_word' id='word_1_126' title='bbox 1292 1030 1408 1069; x_wconf 86' lang='grc' dir='ltr'><em>θεοῦ.</em></span> 
     </span>
    </p>

    <p class='ocr_par' dir='ltr' id='par_1_3' title="bbox 305 1090 1806 1807">
     <span class='ocr_line' id='line_1_15' title="bbox 421 1090 1735 1150; baseline -0.002 -14"><span class='ocrx_word' id='word_1_127' title='bbox 421 1094 484 1137; x_wconf 78' lang='grc' dir='ltr'><em>Οὔ</em></span> <span class='ocrx_word' id='word_1_128' title='bbox 511 1094 638 1147; x_wconf 88' lang='grc' dir='ltr'><em>μόνον</em></span> <span class='ocrx_word' id='word_1_129' title='bbox 666 1095 712 1135; x_wconf 85' lang='grc' dir='ltr'><em>δὲ</em></span> <span class='ocrx_word' id='word_1_130' title='bbox 739 1095 858 1135; x_wconf 84' lang='grc' dir='ltr'><em>τοῦτο</em></span> <span class='ocrx_word' id='word_1_131' title='bbox 876 1092 1037 1147; x_wconf 84' lang='grc' dir='ltr'><em>εἴρηκεν</em></span> <span class='ocrx_word' id='word_1_132' title='bbox 1068 1090 1294 1148; x_wconf 84' lang='grc' dir='ltr'><em>ὃΧριστός</em></span> <span class='ocrx_word' id='word_1_133' title='bbox 1323 1091 1369 1134; x_wconf 87' lang='grc' dir='ltr'><em>τὸ</em></span> <span class='ocrx_word' id='word_1_134' title='bbox 1389 1093 1537 1145; x_wconf 78' lang='grc' dir='ltr'><em>πάντες</em></span> <span class='ocrx_word' id='word_1_135' title='bbox 1567 1093 1607 1137; x_wconf 80' lang='grc' dir='ltr'><em>οἱ</em></span> <span class='ocrx_word' id='word_1_136' title='bbox 1634 1109 1735 1150; x_wconf 89' lang='grc' dir='ltr'><em>προ-</em></span> 
     </span>
     <span class='ocr_line' id='line_1_16' title="bbox 307 1156 1795 1215; baseline 0.001 -14"><span class='ocrx_word' id='word_1_137' title='bbox 307 1161 442 1215; x_wconf 77' lang='grc' dir='ltr'><em>φῆται</em></span> <span class='ocrx_word' id='word_1_138' title='bbox 470 1158 548 1208; x_wconf 78' lang='grc' dir='ltr'><em>ἕως</em></span> <span class='ocrx_word' id='word_1_139' title='bbox 589 1158 778 1201; x_wconf 89' lang='grc' dir='ltr'><em>Ἰωάννου</em></span> <span class='ocrx_word' id='word_1_140' title='bbox 818 1159 889 1199; x_wconf 85' lang='grc' dir='ltr'>καί</span> <span class='ocrx_word' id='word_1_141' title='bbox 919 1159 1150 1212; x_wconf 83' lang='grc' dir='ltr'><em>περαιτέρω</em></span> <span class='ocrx_word' id='word_1_142' title='bbox 1192 1158 1265 1198; x_wconf 72' lang='grc' dir='ltr'><em>οὐκ</em></span> <span class='ocrx_word' id='word_1_143' title='bbox 1294 1156 1475 1201; x_wconf 72' lang='grc' dir='ltr'><em>ἔσονται·</em></span> <span class='ocrx_word' id='word_1_144' title='bbox 1541 1159 1646 1202; x_wconf 85' lang='grc' dir='ltr'><em>οἷλλοὶ</em></span> <span class='ocrx_word' id='word_1_145' title='bbox 1670 1158 1743 1202; x_wconf 76' lang='grc' dir='ltr'><em>καὶ</em></span> <span class='ocrx_word' id='word_1_146' title='bbox 1759 1169 1795 1210; x_wconf 62' lang='grc' dir='ltr'><em>,ξ</em></span> 
     </span>
     <span class='ocr_line' id='line_1_17' title="bbox 305 1220 1742 1279; baseline 0.001 -12"><span class='ocrx_word' id='word_1_147' title='bbox 305 1223 369 1267; x_wconf 74' lang='grc' dir='ltr'><em>ἔτι</em></span> <span class='ocrx_word' id='word_1_148' title='bbox 387 1230 557 1279; x_wconf 77' lang='grc' dir='ltr'><em>σημεῖον</em></span> <span class='ocrx_word' id='word_1_149' title='bbox 574 1225 857 1279; x_wconf 89' lang='grc' dir='ltr'><em>γνωρίσματος</em></span> <span class='ocrx_word' id='word_1_150' title='bbox 874 1225 1024 1265; x_wconf 86' lang='grc' dir='ltr'><em>δέδωκε</em></span> <span class='ocrx_word' id='word_1_151' title='bbox 1041 1229 1125 1272; x_wconf 82' lang='grc' dir='ltr'><em>τοῖς</em></span> <span class='ocrx_word' id='word_1_152' title='bbox 1145 1224 1270 1265; x_wconf 82' lang='grc' dir='ltr'><em>πᾶσιν</em></span> <span class='ocrx_word' id='word_1_153' title='bbox 1286 1220 1421 1273; x_wconf 75' lang='grc' dir='ltr'><em>οὕτως</em></span> <span class='ocrx_word' id='word_1_154' title='bbox 1438 1226 1565 1268; x_wconf 78' lang='grc' dir='ltr'><em>εἰπῶν</em></span> <span class='ocrx_word' id='word_1_155' title='bbox 1583 1225 1742 1279; x_wconf 69' lang='lat' dir='ltr'>“upon-</span> 
     </span>
     <span class='ocr_line' id='line_1_18' title="bbox 306 1287 1743 1345; baseline -0.001 -13"><span class='ocrx_word' id='word_1_156' title='bbox 306 1291 421 1343; x_wconf 83' lang='grc' dir='ltr'><em>ἑχετε</em></span> <span class='ocrx_word' id='word_1_157' title='bbox 447 1289 530 1331; x_wconf 85' lang='grc' dir='ltr'><em>α’πὸ</em></span> <span class='ocrx_word' id='word_1_158' title='bbox 562 1291 644 1332; x_wconf 74' lang='grc' dir='ltr'><em>τῶν</em></span> <span class='ocrx_word' id='word_1_159' title='bbox 672 1290 1057 1345; x_wconf 77' lang='grc' dir='ltr'><em>ψευδοπροφητῶν,</em></span> <span class='ocrx_word' id='word_1_160' title='bbox 1088 1290 1129 1330; x_wconf 78' lang='grc' dir='ltr'><em>οἳ</em></span> <span class='ocrx_word' id='word_1_161' title='bbox 1153 1305 1259 1339; x_wconf 88' lang='grc' dir='ltr'><em>τινες</em></span> <span class='ocrx_word' id='word_1_162' title='bbox 1286 1287 1479 1343; x_wconf 73' lang='grc' dir='ltr'><em>ἔρχονται</em></span> <span class='ocrx_word' id='word_1_163' title='bbox 1507 1288 1611 1345; x_wconf 80' lang='grc' dir='ltr'><em>πρὸς</em></span> <span class='ocrx_word' id='word_1_164' title='bbox 1632 1290 1743 1343; x_wconf 73' lang='grc' dir='ltr'><em>ὑμᾶς</em></span> 
     </span>
     <span class='ocr_line' id='line_1_19' title="bbox 307 1352 1740 1410; baseline -0.001 -12"><span class='ocrx_word' id='word_1_165' title='bbox 307 1356 353 1398; x_wconf 76' lang='grc' dir='ltr'><em>ἐν</em></span> <span class='ocrx_word' id='word_1_166' title='bbox 379 1353 587 1408; x_wconf 75' lang='grc' dir='ltr'><em>ἐνδύμασι</em></span> <span class='ocrx_word' id='word_1_167' title='bbox 614 1354 848 1409; x_wconf 81' lang='grc' dir='ltr'><em>προβάτων,</em></span> <span class='ocrx_word' id='word_1_168' title='bbox 880 1352 1037 1396; x_wconf 80' lang='grc' dir='ltr'><em>ἔσωθεν</em></span> <span class='ocrx_word' id='word_1_169' title='bbox 1066 1355 1111 1395; x_wconf 87' lang='grc' dir='ltr'><em>δέ</em></span> <span class='ocrx_word' id='word_1_170' title='bbox 1139 1356 1219 1396; x_wconf 85' lang='grc' dir='ltr'><em>εἰσι</em></span> <span class='ocrx_word' id='word_1_171' title='bbox 1248 1355 1364 1396; x_wconf 74' lang='grc' dir='ltr'><em>λύκοι</em></span> <span class='ocrx_word' id='word_1_172' title='bbox 1393 1353 1601 1410; x_wconf 74' lang='grc' dir='ltr'><em>ἅρπαγες·</em></span> <span class='ocrx_word' id='word_1_173' title='bbox 1656 1353 1740 1397; x_wconf 82' lang='grc' dir='ltr'><em>α’πὸ</em></span> 
     </span>
     <span class='ocr_line' id='line_1_20' title="bbox 306 1417 1741 1477; baseline 0 -15"><span class='ocrx_word' id='word_1_174' title='bbox 306 1423 392 1463; x_wconf 72' lang='grc' dir='ltr'><em>ταῖν</em></span> <span class='ocrx_word' id='word_1_175' title='bbox 416 1424 588 1477; x_wconf 79' lang='grc' dir='ltr'><em>καρπῶν</em></span> <span class='ocrx_word' id='word_1_176' title='bbox 615 1422 748 1463; x_wconf 69' lang='grc' dir='ltr'><em>αὐτῶν</em></span> <span class='ocrx_word' id='word_1_177' title='bbox 776 1422 1052 1474; x_wconf 77' lang='grc' dir='ltr'><em>ἐπιγνώσεσθε</em></span> <span class='ocrx_word' id='word_1_178' title='bbox 1081 1417 1265 1470; x_wconf 75' lang='grc' dir='ltr'><em>αὕτοῦς.”</em></span> <span class='ocrx_word' id='word_1_179' title='bbox 1319 1420 1574 1474; x_wconf 77' lang='grc' dir='ltr'><em>σκεψώμεθα</em></span> <span class='ocrx_word' id='word_1_180' title='bbox 1600 1420 1741 1464; x_wconf 84' lang='grc' dir='ltr'><em>τοίνυν</em></span> 
     </span>
     <span class='ocr_line' id='line_1_21' title="bbox 305 1484 1806 1541; baseline -0.001 -12"><span class='ocrx_word' id='word_1_181' title='bbox 305 1489 367 1536; x_wconf 89' lang='grc' dir='ltr'><em>τίς</em></span> <span class='ocrx_word' id='word_1_182' title='bbox 395 1490 504 1530; x_wconf 88' lang='grc' dir='ltr'><em>ε’στιν</em></span> <span class='ocrx_word' id='word_1_183' title='bbox 533 1484 555 1527; x_wconf 81' lang='grc' dir='ltr'>ὅ</span> <span class='ocrx_word' id='word_1_184' title='bbox 584 1485 741 1541; x_wconf 86' lang='grc' dir='ltr'><em>καρπὸς</em></span> <span class='ocrx_word' id='word_1_185' title='bbox 770 1488 845 1527; x_wconf 85' lang='grc' dir='ltr'><em>τοῦ</em></span> <span class='ocrx_word' id='word_1_186' title='bbox 874 1485 986 1539; x_wconf 69' lang='grc' dir='ltr'><em>παρὰ</em></span> <span class='ocrx_word' id='word_1_187' title='bbox 1016 1487 1091 1527; x_wconf 79' lang='grc' dir='ltr'><em>τοῦ</em></span> <span class='ocrx_word' id='word_1_188' title='bbox 1118 1484 1324 1538; x_wconf 78' lang='grc' dir='ltr'><em>Μωάμεθ</em></span> <span class='ocrx_word' id='word_1_189' title='bbox 1365 1488 1555 1536; x_wconf 82' lang='grc' dir='ltr'><em>δοθέντος</em></span> <span class='ocrx_word' id='word_1_190' title='bbox 1584 1488 1806 1539; x_wconf 59' lang='grc' dir='ltr'><em>νόμου·ω.</em></span> 
     </span>
     <span class='ocr_line' id='line_1_22' title="bbox 307 1549 1740 1607; baseline 0 -13"><span class='ocrx_word' id='word_1_191' title='bbox 307 1551 380 1594; x_wconf 77' lang='grc' dir='ltr'><em>καὶ</em></span> <span class='ocrx_word' id='word_1_192' title='bbox 409 1553 560 1594; x_wconf 79' lang='grc' dir='ltr'><em>τούτου</em></span> <span class='ocrx_word' id='word_1_193' title='bbox 591 1553 775 1606; x_wconf 75' lang='grc' dir='ltr'><em>ἀκριβῶς</em></span> <span class='ocrx_word' id='word_1_194' title='bbox 799 1550 1088 1601; x_wconf 79' lang='grc' dir='ltr'><em>ἑξετασθέντος</em></span> <span class='ocrx_word' id='word_1_195' title='bbox 1115 1549 1461 1607; x_wconf 70' lang='grc' dir='ltr'><em>φανερωθήσεται</em></span> <span class='ocrx_word' id='word_1_196' title='bbox 1489 1552 1514 1605; x_wconf 80' lang='grc' dir='ltr'><em>ἦ</em></span> <span class='ocrx_word' id='word_1_197' title='bbox 1543 1549 1740 1607; x_wconf 83' lang='grc' dir='ltr'><em>α’λήθεια.</em></span> 
     </span>
     <span class='ocr_line' id='line_1_23' title="bbox 309 1613 1742 1671; baseline 0 -11"><span class='ocrx_word' id='word_1_198' title='bbox 309 1617 330 1660; x_wconf 83' lang='grc' dir='ltr'><em>ὃ</em></span> <span class='ocrx_word' id='word_1_199' title='bbox 353 1617 558 1671; x_wconf 71' lang='grc' dir='ltr'><em>ΠΙωάμεθ</em></span> <span class='ocrx_word' id='word_1_200' title='bbox 585 1619 694 1671; x_wconf 82' lang='grc' dir='ltr'><em>λέγει</em></span> <span class='ocrx_word' id='word_1_201' title='bbox 732 1615 844 1670; x_wconf 73' lang='grc' dir='ltr'><em>“ε’γώ</em></span> <span class='ocrx_word' id='word_1_202' title='bbox 878 1617 950 1658; x_wconf 74' lang='grc' dir='ltr'><em>οὐκ</em></span> <span class='ocrx_word' id='word_1_203' title='bbox 977 1613 1108 1671; x_wconf 75' lang='grc' dir='ltr'><em>ἦλθον</em></span> <span class='ocrx_word' id='word_1_204' title='bbox 1137 1616 1205 1658; x_wconf 83' lang='grc' dir='ltr'><em>διὰ</em></span> <span class='ocrx_word' id='word_1_205' title='bbox 1236 1615 1467 1670; x_wconf 79' lang='grc' dir='ltr'><em>θαυμάτων</em></span> <span class='ocrx_word' id='word_1_206' title='bbox 1495 1620 1640 1660; x_wconf 78' lang='grc' dir='ltr'><em>δοῦναι</em></span> <span class='ocrx_word' id='word_1_207' title='bbox 1669 1616 1742 1660; x_wconf 85' lang='grc' dir='ltr'><em>τὸν</em></span> 
     </span>
     <span class='ocr_line' id='line_1_24' title="bbox 309 1680 1744 1738; baseline 0 -13"><span class='ocrx_word' id='word_1_208' title='bbox 309 1681 458 1737; x_wconf 85' lang='grc' dir='ltr'><em>νόμον,</em></span> <span class='ocrx_word' id='word_1_209' title='bbox 487 1681 592 1724; x_wconf 74' lang='grc' dir='ltr'><em>ἀλλὰ</em></span> <span class='ocrx_word' id='word_1_210' title='bbox 624 1680 695 1724; x_wconf 81' lang='grc' dir='ltr'><em>διοὶ</em></span> <span class='ocrx_word' id='word_1_211' title='bbox 724 1682 888 1736; x_wconf 77' lang='grc' dir='ltr'><em>σπάθης</em></span> <span class='ocrx_word' id='word_1_212' title='bbox 915 1685 986 1723; x_wconf 82' lang='grc' dir='ltr'><em>καί</em></span> <span class='ocrx_word' id='word_1_213' title='bbox 1008 1684 1180 1738; x_wconf 81' lang='grc' dir='ltr'><em>ξίφους·</em></span> <span class='ocrx_word' id='word_1_214' title='bbox 1208 1684 1282 1724; x_wconf 86' lang='grc' dir='ltr'><em>καί</em></span> <span class='ocrx_word' id='word_1_215' title='bbox 1306 1681 1345 1725; x_wconf 80' lang='grc' dir='ltr'><em>οἱ</em></span> <span class='ocrx_word' id='word_1_216' title='bbox 1371 1682 1428 1738; x_wconf 74' lang='grc' dir='ltr'><em>μὴ</em></span> <span class='ocrx_word' id='word_1_217' title='bbox 1456 1681 1744 1737; x_wconf 71' lang='grc' dir='ltr'><em>ὕποκύψαντες</em></span> 
     </span>
     <span class='ocr_line' id='line_1_25' title="bbox 309 1745 1743 1807; baseline 0.001 -16"><span class='ocrx_word' id='word_1_218' title='bbox 309 1751 367 1807; x_wconf 68' lang='grc' dir='ltr'><em>τῷ</em></span> <span class='ocrx_word' id='word_1_219' title='bbox 392 1746 575 1807; x_wconf 75' lang='grc' dir='ltr'><em>ἡμετέρῳ</em></span> <span class='ocrx_word' id='word_1_220' title='bbox 596 1748 719 1807; x_wconf 72' lang='grc' dir='ltr'><em>νόμῳ,</em></span> <span class='ocrx_word' id='word_1_221' title='bbox 749 1745 794 1798; x_wconf 78' lang='grc' dir='ltr'><em>ὃς</em></span> <span class='ocrx_word' id='word_1_222' title='bbox 808 1749 897 1790; x_wconf 76' lang='grc' dir='ltr'><em>ἐστι</em></span> <span class='ocrx_word' id='word_1_223' title='bbox 924 1747 1036 1804; x_wconf 74' lang='grc' dir='ltr'><em>παρὰ</em></span> <span class='ocrx_word' id='word_1_224' title='bbox 1059 1750 1176 1800; x_wconf 78' lang='grc' dir='ltr'><em>θεοῦ,</em></span> <span class='ocrx_word' id='word_1_225' title='bbox 1205 1748 1374 1807; x_wconf 76' lang='grc' dir='ltr'><em>θανάτῳ</em></span> <span class='ocrx_word' id='word_1_226' title='bbox 1405 1746 1743 1803; x_wconf 77' lang='grc' dir='ltr'><em>ἆποθανέτωσαν,</em></span> 
     </span>
    </p>
   </div>
   <div class='ocr_carea' id='block_1_3' title="bbox 306 1908 1744 2753">
    <p class='ocr_par' dir='ltr' id='par_1_4' title="bbox 306 1908 1744 2753">
     <span class='ocr_line' id='line_1_26' title="bbox 311 1908 1742 1955; baseline 0.002 -14"><span class='ocrx_word' id='word_1_227' title='bbox 311 1908 470 1942; x_wconf 78' lang='lat' dir='ltr'><strong>Christus</strong></span> <span class='ocrx_word' id='word_1_228' title='bbox 497 1908 542 1942; x_wconf 87' lang='lat' dir='ltr'><strong>‹le</strong></span> <span class='ocrx_word' id='word_1_229' title='bbox 564 1908 742 1950; x_wconf 85' lang='lat' dir='ltr'>Iohanne,</span> <span class='ocrx_word' id='word_1_230' title='bbox 767 1908 954 1942; x_wconf 80' lang='lat' dir='ltr'>Zachariae</span> <span class='ocrx_word' id='word_1_231' title='bbox 979 1910 1052 1942; x_wconf 80' lang='lat' dir='ltr'><strong>filio</strong></span> <span class='ocrx_word' id='word_1_232' title='bbox 1069 1935 1077 1951; x_wconf 94' lang='lat'><strong><em>‚</em></strong></span> <span class='ocrx_word' id='word_1_233' title='bbox 1106 1910 1204 1952; x_wconf 80' lang='lat' dir='ltr'><strong>dicit,</strong></span> <span class='ocrx_word' id='word_1_234' title='bbox 1230 1909 1440 1955; x_wconf 82' lang='lat' dir='ltr'><strong>prophetam</strong></span> <span class='ocrx_word' id='word_1_235' title='bbox 1466 1921 1558 1952; x_wconf 89' lang='lat' dir='ltr'><strong>eum,</strong></span> <span class='ocrx_word' id='word_1_236' title='bbox 1586 1915 1623 1946; x_wconf 86' lang='lat' dir='ltr'><strong>et</strong></span> <span class='ocrx_word' id='word_1_237' title='bbox 1645 1922 1742 1944; x_wconf 86' lang='lat' dir='ltr'><strong>sum-</strong></span> 
     </span>
     <span class='ocr_line' id='line_1_27' title="bbox 309 1955 1744 2003; baseline 0.002 -15"><span class='ocrx_word' id='word_1_238' title='bbox 309 1967 407 1989; x_wconf 87' lang='lat' dir='ltr'><em>mum</em></span> <span class='ocrx_word' id='word_1_239' title='bbox 431 1955 640 2001; x_wconf 84' lang='lat' dir='ltr'><strong>prophetam</strong></span> <span class='ocrx_word' id='word_1_240' title='bbox 660 1966 734 1989; x_wconf 89' lang='lat' dir='ltr'><strong>esse</strong></span> <span class='ocrx_word' id='word_1_241' title='bbox 759 1962 922 1998; x_wconf 83' lang='lat' dir='ltr'><strong>testatus,</strong></span> <span class='ocrx_word' id='word_1_242' title='bbox 945 1956 1092 1990; x_wconf 84' lang='lat' dir='ltr'><strong>“omnes</strong></span> <span class='ocrx_word' id='word_1_243' title='bbox 1117 1957 1314 2002; x_wconf 84' lang='lat' dir='ltr'><strong>prophetae</strong></span> <span class='ocrx_word' id='word_1_244' title='bbox 1340 1957 1386 1990; x_wconf 85' lang='lat' dir='ltr'><em>ad</em></span> <span class='ocrx_word' id='word_1_245' title='bbox 1411 1957 1603 1991; x_wconf 87' lang='lat' dir='ltr'>Iohannem</span> <span class='ocrx_word' id='word_1_246' title='bbox 1627 1969 1744 2003; x_wconf 78' lang='lat' dir='ltr'><strong>usque</strong></span> 
     </span>
     <span class='ocr_line' id='line_1_28' title="bbox 310 2002 1740 2048; baseline 0.001 -12"><span class='ocrx_word' id='word_1_247' title='bbox 310 2002 494 2036; x_wconf 83' lang='lat' dir='ltr'><strong>vaticinati</strong></span> <span class='ocrx_word' id='word_1_248' title='bbox 519 2008 622 2043; x_wconf 83' lang='lat' dir='ltr'><strong>sunt,</strong></span> <span class='ocrx_word' id='word_1_249' title='bbox 649 2002 711 2035; x_wconf 90' lang='lat' dir='ltr'><strong>sed</strong></span> <span class='ocrx_word' id='word_1_250' title='bbox 747 2003 833 2036; x_wconf 88' lang='lat' dir='ltr'><strong>inde</strong></span> <span class='ocrx_word' id='word_1_251' title='bbox 867 2014 887 2035; x_wconf 82' lang='lat' dir='ltr'>a</span> <span class='ocrx_word' id='word_1_252' title='bbox 922 2003 1080 2036; x_wconf 86' lang='lat' dir='ltr'>Iohanne</span> <span class='ocrx_word' id='word_1_253' title='bbox 1108 2015 1253 2048; x_wconf 86' lang='lat' dir='ltr'><strong>regnum</strong></span> <span class='ocrx_word' id='word_1_254' title='bbox 1279 2004 1337 2037; x_wconf 86' lang='lat' dir='ltr'><strong>dei</strong></span> <span class='ocrx_word' id='word_1_255' title='bbox 1361 2003 1582 2038; x_wconf 79' lang='lat' dir='ltr'><strong>nuntiatur.”</strong></span> <span class='ocrx_word' id='word_1_256' title='bbox 1627 2005 1740 2046; x_wconf 83' lang='lat' dir='ltr'><strong>vides,</strong></span> 
     </span>
     <span class='ocr_line' id='line_1_29' title="bbox 311 2049 1740 2097; baseline 0.002 -16"><span class='ocrx_word' id='word_1_257' title='bbox 311 2060 423 2095; x_wconf 78' lang='lat' dir='ltr'><strong>quare</strong></span> <span class='ocrx_word' id='word_1_258' title='bbox 450 2049 589 2093; x_wconf 83' lang='lat' dir='ltr'>Moyses</span> <span class='ocrx_word' id='word_1_259' title='bbox 615 2049 856 2083; x_wconf 83' lang='lat' dir='ltr'>Hebraeorum</span> <span class='ocrx_word' id='word_1_260' title='bbox 882 2051 979 2094; x_wconf 84' lang='lat' dir='ltr'><strong>genti</strong></span> <span class='ocrx_word' id='word_1_261' title='bbox 1009 2051 1172 2092; x_wconf 86' lang='lat' dir='ltr'><strong>edixerit,</strong></span> <span class='ocrx_word' id='word_1_262' title='bbox 1205 2057 1246 2084; x_wconf 87' lang='lat' dir='ltr'><em>ut</em></span> <span class='ocrx_word' id='word_1_263' title='bbox 1268 2059 1375 2084; x_wconf 74' lang='lat' dir='ltr'><strong>un&#39;um</strong></span> <span class='ocrx_word' id='word_1_264' title='bbox 1399 2051 1504 2085; x_wconf 87' lang='lat' dir='ltr'><strong>modo</strong></span> <span class='ocrx_word' id='word_1_265' title='bbox 1531 2051 1740 2097; x_wconf 80' lang='lat' dir='ltr'><strong>prophetam</strong></span> 
     </span>
     <span class='ocr_line' id='line_1_30' title="bbox 313 2096 1742 2144; baseline 0.002 -16"><span class='ocrx_word' id='word_1_266' title='bbox 313 2107 358 2129; x_wconf 79' lang='lat' dir='ltr'><strong>ex</strong></span> <span class='ocrx_word' id='word_1_267' title='bbox 379 2096 536 2141; x_wconf 82' lang='lat' dir='ltr'><strong>ipsorum</strong></span> <span class='ocrx_word' id='word_1_268' title='bbox 560 2097 705 2129; x_wconf 76' lang='lat' dir='ltr'><strong>natione</strong></span> <span class='ocrx_word' id='word_1_269' title='bbox 739 2097 926 2129; x_wconf 82' lang='lat' dir='ltr'><strong>oriundum</strong></span> <span class='ocrx_word' id='word_1_270' title='bbox 950 2099 1159 2142; x_wconf 83' lang='lat' dir='ltr'>reciperent,</span> <span class='ocrx_word' id='word_1_271' title='bbox 1183 2098 1320 2131; x_wconf 84' lang='lat' dir='ltr'><strong>nullum</strong></span> <span class='ocrx_word' id='word_1_272' title='bbox 1347 2099 1469 2138; x_wconf 83' lang='lat' dir='ltr'><strong>alium,</strong></span> <span class='ocrx_word' id='word_1_273' title='bbox 1493 2110 1598 2144; x_wconf 88' lang='lat' dir='ltr'><strong>quum</strong></span> <span class='ocrx_word' id='word_1_274' title='bbox 1623 2104 1742 2132; x_wconf 82' lang='lat' dir='ltr'><strong>tamen</strong></span> 
     </span>
     <span class='ocr_line' id='line_1_31' title="bbox 313 2142 1741 2191; baseline 0.002 -16"><span class='ocrx_word' id='word_1_275' title='bbox 313 2154 436 2176; x_wconf 84' lang='lat' dir='ltr'><strong>omnes</strong></span> <span class='ocrx_word' id='word_1_276' title='bbox 459 2142 655 2188; x_wconf 82' lang='lat' dir='ltr'><strong>prophetae</strong></span> <span class='ocrx_word' id='word_1_277' title='bbox 679 2143 800 2176; x_wconf 80' lang='lat' dir='ltr'><strong>Iudaei</strong></span> <span class='ocrx_word' id='word_1_278' title='bbox 827 2149 954 2176; x_wconf 83' lang='lat' dir='ltr'><strong>essent.</strong></span> <span class='ocrx_word' id='word_1_279' title='bbox 1005 2156 1045 2177; x_wconf 88' lang='lat' dir='ltr'><em>ac</em></span> <span class='ocrx_word' id='word_1_280' title='bbox 1069 2145 1226 2178; x_wconf 81' lang='lat' dir='ltr'><strong>Christus</strong></span> <span class='ocrx_word' id='word_1_281' title='bbox 1251 2156 1370 2177; x_wconf 85' lang='lat' dir='ltr'>rursus</span> <span class='ocrx_word' id='word_1_282' title='bbox 1398 2145 1526 2177; x_wconf 81' lang='lat' dir='ltr'><strong>elarius</strong></span> <span class='ocrx_word' id='word_1_283' title='bbox 1547 2145 1741 2191; x_wconf 74' lang='lat' dir='ltr'><strong>prophetas</strong></span> 
     </span>
     <span class='ocr_line' id='line_1_32' title="bbox 312 2189 1742 2236; baseline 0.001 -14"><span class='ocrx_word' id='word_1_284' title='bbox 312 2200 434 2222; x_wconf 83' lang='lat' dir='ltr'><strong>omnes</strong></span> <span class='ocrx_word' id='word_1_285' title='bbox 453 2189 497 2222; x_wconf 84' lang='lat' dir='ltr'><em>ad</em></span> <span class='ocrx_word' id='word_1_286' title='bbox 513 2189 707 2223; x_wconf 85' lang='lat' dir='ltr'>Iohannem</span> <span class='ocrx_word' id='word_1_287' title='bbox 724 2201 837 2236; x_wconf 86' lang='lat' dir='ltr'><strong>usque</strong></span> <span class='ocrx_word' id='word_1_288' title='bbox 864 2191 984 2232; x_wconf 83' lang='lat' dir='ltr'><strong>fuisse,</strong></span> <span class='ocrx_word' id='word_1_289' title='bbox 1002 2203 1068 2224; x_wconf 83' lang='lat' dir='ltr'><strong>nec</strong></span> <span class='ocrx_word' id='word_1_290' title='bbox 1086 2192 1162 2225; x_wconf 83' lang='lat' dir='ltr'><strong>fore</strong></span> <span class='ocrx_word' id='word_1_291' title='bbox 1188 2192 1297 2224; x_wconf 87' lang='lat' dir='ltr'><strong>ullum</strong></span> <span class='ocrx_word' id='word_1_292' title='bbox 1316 2197 1407 2236; x_wconf 82' lang='lat' dir='ltr'><strong>post,</strong></span> <span class='ocrx_word' id='word_1_293' title='bbox 1432 2191 1531 2224; x_wconf 84' lang='lat' dir='ltr'><strong>dixit.</strong></span> <span class='ocrx_word' id='word_1_294' title='bbox 1555 2192 1623 2225; x_wconf 83' lang='lat' dir='ltr'><em>iam</em></span> <span class='ocrx_word' id='word_1_295' title='bbox 1646 2203 1742 2233; x_wconf 81' lang='lat' dir='ltr'><strong>vero,</strong></span> 
     </span>
     <span class='ocr_line' id='line_1_33' title="bbox 313 2236 1741 2284; baseline 0.001 -16"><span class='ocrx_word' id='word_1_296' title='bbox 313 2237 376 2284; x_wconf 87' lang='lat' dir='ltr'><em>qui</em></span> <span class='ocrx_word' id='word_1_297' title='bbox 402 2247 475 2270; x_wconf 84' lang='lat' dir='ltr'><em>non</em></span> <span class='ocrx_word' id='word_1_298' title='bbox 502 2247 521 2268; x_wconf 81' lang='lat' dir='ltr'>a</span> <span class='ocrx_word' id='word_1_299' title='bbox 554 2236 621 2269; x_wconf 89' lang='lat' dir='ltr'><strong>deo</strong></span> <span class='ocrx_word' id='word_1_300' title='bbox 647 2247 714 2270; x_wconf 86' lang='lat' dir='ltr'><strong>nec</strong></span> <span class='ocrx_word' id='word_1_301' title='bbox 747 2249 767 2269; x_wconf 86' lang='lat' dir='ltr'><strong>a</strong></span> <span class='ocrx_word' id='word_1_302' title='bbox 792 2237 976 2282; x_wconf 76' lang='lat' dir='ltr'><strong>prophetis</strong></span> <span class='ocrx_word' id='word_1_303' title='bbox 1013 2250 1079 2272; x_wconf 87' lang='lat' dir='ltr'><strong>nec</strong></span> <span class='ocrx_word' id='word_1_304' title='bbox 1106 2239 1250 2272; x_wconf 85' lang='lat' dir='ltr'><strong>omnino</strong></span> <span class='ocrx_word' id='word_1_305' title='bbox 1274 2250 1293 2270; x_wconf 80' lang='lat' dir='ltr'>a</span> <span class='ocrx_word' id='word_1_306' title='bbox 1317 2250 1412 2271; x_wconf 81' lang='lat' dir='ltr'><strong>sacra</strong></span> <span class='ocrx_word' id='word_1_307' title='bbox 1441 2239 1610 2283; x_wconf 74' lang='lat' dir='ltr'><strong>scriptura</strong></span> <span class='ocrx_word' id='word_1_308' title='bbox 1637 2239 1741 2272; x_wconf 82' lang='lat' dir='ltr'><strong>testi-</strong></span> 
     </span>
     <span class='ocr_line' id='line_1_34' title="bbox 311 2282 1739 2330; baseline 0.001 -15"><span class='ocrx_word' id='word_1_309' title='bbox 311 2284 470 2316; x_wconf 88' lang='lat' dir='ltr'><strong>monium</strong></span> <span class='ocrx_word' id='word_1_310' title='bbox 500 2282 611 2316; x_wconf 84' lang='lat' dir='ltr'><strong>habet</strong></span> <span class='ocrx_word' id='word_1_311' title='bbox 641 2282 835 2328; x_wconf 81' lang='lat' dir='ltr'><strong>propheta,</strong></span> <span class='ocrx_word' id='word_1_312' title='bbox 862 2295 881 2316; x_wconf 88' lang='lat' dir='ltr'>a</span> <span class='ocrx_word' id='word_1_313' title='bbox 907 2284 977 2316; x_wconf 82' lang='lat' dir='ltr'><strong>deo</strong></span> <span class='ocrx_word' id='word_1_314' title='bbox 1013 2297 1085 2319; x_wconf 84' lang='lat' dir='ltr'><em>non</em></span> <span class='ocrx_word' id='word_1_315' title='bbox 1123 2291 1191 2318; x_wconf 79' lang='lat' dir='ltr'><strong>est:</strong></span> <span class='ocrx_word' id='word_1_316' title='bbox 1229 2296 1335 2330; x_wconf 85' lang='lat' dir='ltr'><strong>qnare</strong></span> <span class='ocrx_word' id='word_1_317' title='bbox 1360 2284 1591 2325; x_wconf 81' lang='lat' dir='ltr'><strong>Mohametes‚</strong></span> <span class='ocrx_word' id='word_1_318' title='bbox 1630 2296 1739 2330; x_wconf 87' lang='lat' dir='ltr'><strong>quum</strong></span> 
     </span>
     <span class='ocr_line' id='line_1_35' title="bbox 312 2329 1670 2375; baseline 0.001 -12"><span class='ocrx_word' id='word_1_319' title='bbox 312 2341 387 2364; x_wconf 84' lang='lat' dir='ltr'><em>non</em></span> <span class='ocrx_word' id='word_1_320' title='bbox 414 2329 545 2362; x_wconf 84' lang='lat' dir='ltr'><strong>habeat</strong></span> <span class='ocrx_word' id='word_1_321' title='bbox 571 2342 590 2362; x_wconf 88' lang='lat' dir='ltr'>a</span> <span class='ocrx_word' id='word_1_322' title='bbox 619 2341 716 2363; x_wconf 85' lang='lat' dir='ltr'><strong>sacra</strong></span> <span class='ocrx_word' id='word_1_323' title='bbox 741 2330 913 2375; x_wconf 82' lang='lat' dir='ltr'><strong>scriptura</strong></span> <span class='ocrx_word' id='word_1_324' title='bbox 941 2332 1205 2372; x_wconf 78' lang='lat' dir='ltr'><strong>testimonium,</strong></span> <span class='ocrx_word' id='word_1_325' title='bbox 1229 2343 1303 2364; x_wconf 84' lang='lat' dir='ltr'><em>non</em></span> <span class='ocrx_word' id='word_1_326' title='bbox 1328 2338 1381 2364; x_wconf 85' lang='lat' dir='ltr'><strong>est</strong></span> <span class='ocrx_word' id='word_1_327' title='bbox 1405 2343 1423 2364; x_wconf 85' lang='lat' dir='ltr'>a</span> <span class='ocrx_word' id='word_1_328' title='bbox 1446 2331 1513 2366; x_wconf 89' lang='lat' dir='ltr'><strong>deo</strong></span> <span class='ocrx_word' id='word_1_329' title='bbox 1532 2332 1670 2364; x_wconf 85' lang='lat' dir='ltr'><strong>missus.</strong></span> 
     </span>
     <span class='ocr_line' id='line_1_36' title="bbox 425 2376 1741 2424; baseline 0.001 -14"><span class='ocrx_word' id='word_1_330' title='bbox 425 2377 472 2410; x_wconf 87' lang='lat' dir='ltr'><em>At</em></span> <span class='ocrx_word' id='word_1_331' title='bbox 495 2387 578 2410; x_wconf 85' lang='lat' dir='ltr'><strong>vero</strong></span> <span class='ocrx_word' id='word_1_332' title='bbox 603 2376 760 2410; x_wconf 83' lang='lat' dir='ltr'><strong>Christus</strong></span> <span class='ocrx_word' id='word_1_333' title='bbox 784 2389 856 2411; x_wconf 87' lang='lat' dir='ltr'><em>non</em></span> <span class='ocrx_word' id='word_1_334' title='bbox 885 2378 997 2410; x_wconf 88' lang='lat' dir='ltr'><strong>solum</strong></span> <span class='ocrx_word' id='word_1_335' title='bbox 1022 2380 1090 2412; x_wconf 85' lang='lat' dir='ltr'><em>hoc</em></span> <span class='ocrx_word' id='word_1_336' title='bbox 1114 2378 1212 2418; x_wconf 85' lang='lat' dir='ltr'>dixit,</span> <span class='ocrx_word' id='word_1_337' title='bbox 1250 2390 1369 2411; x_wconf 89' lang='lat' dir='ltr'><strong>omnes</strong></span> <span class='ocrx_word' id='word_1_338' title='bbox 1394 2378 1585 2424; x_wconf 81' lang='lat' dir='ltr'><strong>prophetas</strong></span> <span class='ocrx_word' id='word_1_339' title='bbox 1610 2378 1657 2411; x_wconf 79' lang='lat' dir='ltr'><em>ad</em></span> <span class='ocrx_word' id='word_1_340' title='bbox 1678 2379 1741 2411; x_wconf 85' lang='lat' dir='ltr'><em>Io-</em></span> 
     </span>
     <span class='ocr_line' id='line_1_37' title="bbox 309 2422 1738 2470; baseline 0.002 -15"><span class='ocrx_word' id='word_1_341' title='bbox 309 2422 464 2456; x_wconf 80' lang='lat' dir='ltr'><strong>hannem</strong></span> <span class='ocrx_word' id='word_1_342' title='bbox 490 2434 603 2469; x_wconf 87' lang='lat' dir='ltr'><strong>usque</strong></span> <span class='ocrx_word' id='word_1_343' title='bbox 628 2424 747 2465; x_wconf 85' lang='lat' dir='ltr'><strong>fuisse,</strong></span> <span class='ocrx_word' id='word_1_344' title='bbox 771 2435 838 2457; x_wconf 82' lang='lat' dir='ltr'><strong>uec</strong></span> <span class='ocrx_word' id='word_1_345' title='bbox 860 2424 935 2457; x_wconf 86' lang='lat' dir='ltr'><strong>fore</strong></span> <span class='ocrx_word' id='word_1_346' title='bbox 959 2425 1071 2458; x_wconf 81' lang='lat' dir='ltr'><strong>uuum</strong></span> <span class='ocrx_word' id='word_1_347' title='bbox 1104 2431 1239 2470; x_wconf 84' lang='lat' dir='ltr'><strong>postea,</strong></span> <span class='ocrx_word' id='word_1_348' title='bbox 1265 2424 1327 2458; x_wconf 89' lang='lat' dir='ltr'><strong>sed</strong></span> <span class='ocrx_word' id='word_1_349' title='bbox 1354 2426 1459 2458; x_wconf 80' lang='lat' dir='ltr'><strong>etiam</strong></span> <span class='ocrx_word' id='word_1_350' title='bbox 1484 2426 1621 2470; x_wconf 77' lang='lat' dir='ltr'><strong>signum</strong></span> <span class='ocrx_word' id='word_1_351' title='bbox 1648 2436 1738 2458; x_wconf 87' lang='lat' dir='ltr'><strong>cun-</strong></span> 
     </span>
     <span class='ocr_line' id='line_1_38' title="bbox 310 2470 1738 2518; baseline 0.002 -16"><span class='ocrx_word' id='word_1_352' title='bbox 310 2471 374 2503; x_wconf 79' lang='lat' dir='ltr'><strong>etis</strong></span> <span class='ocrx_word' id='word_1_353' title='bbox 399 2470 590 2510; x_wconf 84' lang='lat' dir='ltr'><strong>indicavit,</strong></span> <span class='ocrx_word' id='word_1_354' title='bbox 617 2470 672 2503; x_wconf 85' lang='lat' dir='ltr'><em>his</em></span> <span class='ocrx_word' id='word_1_355' title='bbox 711 2470 828 2504; x_wconf 80' lang='lat' dir='ltr'><strong>verbis</strong></span> <span class='ocrx_word' id='word_1_356' title='bbox 847 2470 992 2504; x_wconf 79' lang='lat' dir='ltr'><strong>“cavete</strong></span> <span class='ocrx_word' id='word_1_357' title='bbox 1024 2472 1127 2505; x_wconf 79' lang='lat' dir='ltr'><strong>vobis</strong></span> <span class='ocrx_word' id='word_1_358' title='bbox 1153 2484 1172 2505; x_wconf 85' lang='lat' dir='ltr'>a</span> <span class='ocrx_word' id='word_1_359' title='bbox 1194 2472 1528 2517; x_wconf 76' lang='lat' dir='ltr'><strong>pseudoprophetiS,</strong></span> <span class='ocrx_word' id='word_1_360' title='bbox 1553 2472 1614 2518; x_wconf 87' lang='lat' dir='ltr'><em>qui</em></span> <span class='ocrx_word' id='word_1_361' title='bbox 1639 2477 1738 2506; x_wconf 80' lang='lat' dir='ltr'><strong>veste</strong></span> 
     </span>
     <span class='ocr_line' id='line_1_39' title="bbox 309 2516 1738 2563; baseline 0.002 -15"><span class='ocrx_word' id='word_1_362' title='bbox 309 2516 396 2549; x_wconf 83' lang='lat' dir='ltr'><strong>ovili</strong></span> <span class='ocrx_word' id='word_1_363' title='bbox 422 2516 541 2550; x_wconf 83' lang='lat' dir='ltr'><strong>induti</strong></span> <span class='ocrx_word' id='word_1_364' title='bbox 564 2529 626 2550; x_wconf 91' lang='lat' dir='ltr'><em>vos</em></span> <span class='ocrx_word' id='word_1_365' title='bbox 650 2517 794 2559; x_wconf 84' lang='lat' dir='ltr'><strong>adeunt,</strong></span> <span class='ocrx_word' id='word_1_366' title='bbox 817 2518 910 2551; x_wconf 86' lang='lat' dir='ltr'><strong>intus</strong></span> <span class='ocrx_word' id='word_1_367' title='bbox 936 2529 1080 2562; x_wconf 76' lang='lat' dir='ltr'><strong>rapaces</strong></span> <span class='ocrx_word' id='word_1_368' title='bbox 1105 2519 1181 2563; x_wconf 88' lang='lat' dir='ltr'><strong>lupi</strong></span> <span class='ocrx_word' id='word_1_369' title='bbox 1206 2525 1297 2552; x_wconf 82' lang='lat' dir='ltr'>sunt.</span> <span class='ocrx_word' id='word_1_370' title='bbox 1327 2531 1345 2551; x_wconf 90' lang='lat' dir='ltr'><strong>e</strong></span> <span class='ocrx_word' id='word_1_371' title='bbox 1371 2518 1543 2552; x_wconf 81' lang='lat' dir='ltr'><strong>fructibus</strong></span> <span class='ocrx_word' id='word_1_372' title='bbox 1567 2529 1738 2562; x_wconf 75' lang='lat' dir='ltr'><strong>agnosce-</strong></span> 
     </span>
     <span class='ocr_line' id='line_1_40' title="bbox 307 2562 1735 2610; baseline 0.001 -15"><span class='ocrx_word' id='word_1_373' title='bbox 307 2563 354 2595; x_wconf 81' lang='lat' dir='ltr'><em>tis</em></span> <span class='ocrx_word' id='word_1_374' title='bbox 380 2562 472 2596; x_wconf 86' lang='lat' dir='ltr'><strong>eos.”</strong></span> <span class='ocrx_word' id='word_1_375' title='bbox 521 2565 760 2597; x_wconf 77' lang='lat' dir='ltr'><strong>examinemus</strong></span> <span class='ocrx_word' id='word_1_376' title='bbox 788 2566 869 2605; x_wconf 80' lang='lat' dir='ltr'><em>iam,</em></span> <span class='ocrx_word' id='word_1_377' title='bbox 894 2565 1008 2610; x_wconf 79' lang='lat' dir='ltr'><strong>qualis</strong></span> <span class='ocrx_word' id='word_1_378' title='bbox 1035 2567 1081 2598; x_wconf 76' lang='lat' dir='ltr'><em>sit</em></span> <span class='ocrx_word' id='word_1_379' title='bbox 1099 2566 1231 2598; x_wconf 78' lang='lat' dir='ltr'><strong>fructus</strong></span> <span class='ocrx_word' id='word_1_380' title='bbox 1256 2578 1273 2597; x_wconf 84' lang='lat' dir='ltr'>a</span> <span class='ocrx_word' id='word_1_381' title='bbox 1294 2565 1493 2599; x_wconf 82' lang='lat' dir='ltr'><strong>Mohamete</strong></span> <span class='ocrx_word' id='word_1_382' title='bbox 1519 2565 1735 2598; x_wconf 76' lang='lat' dir='ltr'><strong>constitutae</strong></span> 
     </span>
     <span class='ocr_line' id='line_1_41' title="bbox 306 2610 1736 2656; baseline 0.002 -14"><span class='ocrx_word' id='word_1_383' title='bbox 306 2610 418 2653; x_wconf 77' lang='lat' dir='ltr'><strong>legis:</strong></span> <span class='ocrx_word' id='word_1_384' title='bbox 441 2622 509 2656; x_wconf 76' lang='lat' dir='ltr'><em>qua</em></span> <span class='ocrx_word' id='word_1_385' title='bbox 538 2622 575 2644; x_wconf 83' lang='lat' dir='ltr'><strong>re</strong></span> <span class='ocrx_word' id='word_1_386' title='bbox 600 2611 692 2644; x_wconf 88' lang='lat' dir='ltr'><strong>bene</strong></span> <span class='ocrx_word' id='word_1_387' title='bbox 717 2612 906 2653; x_wconf 74' lang='lat' dir='ltr'><strong>illustrata,</strong></span> <span class='ocrx_word' id='word_1_388' title='bbox 930 2623 1048 2644; x_wconf 87' lang='lat' dir='ltr'><strong>verum</strong></span> <span class='ocrx_word' id='word_1_389' title='bbox 1076 2618 1236 2656; x_wconf 81' lang='lat' dir='ltr'><strong>apertum</strong></span> <span class='ocrx_word' id='word_1_390' title='bbox 1262 2613 1340 2646; x_wconf 82' lang='lat' dir='ltr'><strong>erit.</strong></span> <span class='ocrx_word' id='word_1_391' title='bbox 1373 2612 1591 2646; x_wconf 82' lang='lat' dir='ltr'><strong>Mohametes</strong></span> <span class='ocrx_word' id='word_1_392' title='bbox 1615 2612 1666 2646; x_wconf 80' lang='lat' dir='ltr'><em>ita</em></span> <span class='ocrx_word' id='word_1_393' title='bbox 1690 2611 1736 2645; x_wconf 81' lang='lat' dir='ltr'><strong>de</strong></span> 
     </span>
     <span class='ocr_line' id='line_1_42' title="bbox 306 2655 1736 2703; baseline 0.003 -16"><span class='ocrx_word' id='word_1_394' title='bbox 306 2666 343 2687; x_wconf 75' lang='lat' dir='ltr'><strong>se</strong></span> <span class='ocrx_word' id='word_1_395' title='bbox 366 2657 554 2701; x_wconf 79' lang='lat' dir='ltr'><strong>profitetur</strong></span> <span class='ocrx_word' id='word_1_396' title='bbox 579 2655 773 2703; x_wconf 82' lang='lat' dir='ltr'><strong>“equidem</strong></span> <span class='ocrx_word' id='word_1_397' title='bbox 812 2669 885 2691; x_wconf 90' lang='lat' dir='ltr'><em>non</em></span> <span class='ocrx_word' id='word_1_398' title='bbox 909 2659 1009 2698; x_wconf 87' lang='lat' dir='ltr'><strong>veni,</strong></span> <span class='ocrx_word' id='word_1_399' title='bbox 1040 2659 1218 2692; x_wconf 78' lang='lat' dir='ltr'><strong>miraculis</strong></span> <span class='ocrx_word' id='word_1_400' title='bbox 1257 2659 1368 2703; x_wconf 81' lang='lat' dir='ltr'><strong>legem</strong></span> <span class='ocrx_word' id='word_1_401' title='bbox 1403 2660 1648 2699; x_wconf 82' lang='lat' dir='ltr'><strong>constitutum,</strong></span> <span class='ocrx_word' id='word_1_402' title='bbox 1672 2658 1736 2691; x_wconf 84' lang='lat' dir='ltr'><strong>sed</strong></span> 
     </span>
     <span class='ocr_line' id='line_1_43' title="bbox 306 2703 1734 2753; baseline 0.001 -16"><span class='ocrx_word' id='word_1_403' title='bbox 306 2712 390 2737; x_wconf 83' lang='lat' dir='ltr'><strong>ense</strong></span> <span class='ocrx_word' id='word_1_404' title='bbox 415 2709 451 2738; x_wconf 84' lang='lat' dir='ltr'><strong>et</strong></span> <span class='ocrx_word' id='word_1_405' title='bbox 475 2703 614 2749; x_wconf 77' lang='lat' dir='ltr'><strong>gladio:</strong></span> <span class='ocrx_word' id='word_1_406' title='bbox 640 2710 676 2739; x_wconf 85' lang='lat' dir='ltr'><strong>et</strong></span> <span class='ocrx_word' id='word_1_407' title='bbox 693 2706 756 2752; x_wconf 80' lang='lat' dir='ltr'><em>qui</em></span> <span class='ocrx_word' id='word_1_408' title='bbox 782 2716 854 2740; x_wconf 84' lang='lat' dir='ltr'><em>non</em></span> <span class='ocrx_word' id='word_1_409' title='bbox 873 2705 1061 2740; x_wconf 81' lang='lat' dir='ltr'><strong>subiicient</strong></span> <span class='ocrx_word' id='word_1_410' title='bbox 1087 2717 1124 2740; x_wconf 85' lang='lat' dir='ltr'><strong>se</strong></span> <span class='ocrx_word' id='word_1_411' title='bbox 1151 2706 1220 2752; x_wconf 77' lang='lat' dir='ltr'><strong>legi</strong></span> <span class='ocrx_word' id='word_1_412' title='bbox 1242 2713 1396 2749; x_wconf 81' lang='lat' dir='ltr'><strong>nostrae,</strong></span> <span class='ocrx_word' id='word_1_413' title='bbox 1422 2713 1483 2740; x_wconf 85' lang='lat' dir='ltr'><em>aut</em></span> <span class='ocrx_word' id='word_1_414' title='bbox 1506 2706 1623 2753; x_wconf 80' lang='lat' dir='ltr'><strong>capite</strong></span> <span class='ocrx_word' id='word_1_415' title='bbox 1641 2705 1734 2740; x_wconf 84' lang='lat' dir='ltr'><strong>mul—</strong></span> 
     </span>
    </p>
   </div>
  </div>
 </body>
</html>
