1806 3190
576 159 675 199 Lm.
705 161 757 199 11.
795 158 912 201 CAP.
954 162 1024 200 vx.
1414 142 1515 210 ¹45

81 263 142 310 εἰς
166 259 211 304 τὸ
250 254 399 315 ὄνομα,
421 260 578 313 αὐτοῦ,
622 264 701 303 ταῖν
731 264 976 316 Μαγγάνων
1015 261 1380 318 ἐπονομαζόμενον.
1436 267 1526 307 ἐκεῖ

79 326 294 379 ἱστάμενος
332 324 407 381 τὴν
450 327 618 382 φυάλην
658 325 768 380 ἔχων
803 327 876 369 καί
910 327 1008 378 τοὺς
1043 329 1242 384 σιδήρους
1281 336 1366 378 τοῖς
1392 333 1520 383 ποσί,

80 392 353 446 διερχομένου
395 389 506 445 τάχα
534 394 611 433 τοῦ
648 395 854 446 βασιλέως
882 393 948 435 ἵνα
988 396 1047 444 εἰς
1072 393 1144 449 τὴν
1171 392 1423 438 ἀκολουθίαν
1449 396 1522 449 τῆς

23 499 42 514 J
79 459 294 511 ἐκκλησίας
316 457 492 514 οἷπέλθῃ,
522 456 699 512 ἐδεήθην
728 459 858 500 αὐτοῦ
886 459 953 500 ἵνα
975 476 1029 512 με
1070 462 1152 502 τῶν
1181 458 1371 503 ἁλύσεων
1398 463 1519 504 ἐλευ-

20 514 259 578 Ϊῗβθερώσῃ.
331 524 405 563 καί
440 519 461 562 ὅ
487 525 566 575 μὲν
605 521 802 575 βασιλεὺς
844 523 1046 575 εἰσελθών
1083 527 1143 573 εἰς
1169 525 1246 581 τήν
1270 527 1519 582 ἐκκλησίαν,

24 583 35 601 '’
76 581 221 643 ἅρχων
247 604 309 636 τις
336 589 590 641 ἐπιστρέψας
619 587 723 642 πρὸς
753 591 808 640 μὲ
845 585 935 631 εἶπέ
965 605 1038 642 μοι
1064 592 1189 631 τάδε·
1241 590 1520 646 «προσέταξεν

22 674 41 705 g
79 649 101 692 ὅ
128 652 326 706 βασιλευς
358 651 379 693 ὅ
408 653 614 708 αὐθέντης
646 654 764 708 ἡμῶν
791 653 858 696 ἵνα
885 654 1073 708 ἐξάρωσί
1092 671 1167 698 σου
1189 656 1287 706 τούς
1306 655 1518 712 σιδήρους,

28 710 35 774 'J
76 715 102 758 ὃ
130 718 202 760 καί
227 718 253 773 ἦ
281 722 406 772 κυρία
445 718 563 773 ἡμῶν
592 718 618 774 ἦ
654 720 850 761 δέσποινα
888 720 1084 775 ἐζήτησεν
1119 718 1254 762 αὐτοῦ
1285 721 1358 764 καί
1384 719 1519 765 ἅπαν-

75 799 144 832 τες
171 782 324 838 ἧμεῖς.”
377 785 450 825 καί
487 786 586 838 περὶ
623 783 693 826 τὸν
722 780 877 840 ὄρθρον
914 786 1046 840 αὐτῆς
1074 788 1148 840 τῆς
1174 786 1322 837 νυκτὸς
1349 787 1441 830 ἰδού
1474 789 1519 830 ἐν

74 851 122 905 τῇ
149 849 324 903 συνήθει
354 847 443 906 ὥρᾳ
476 850 514 890 οἱ
541 852 617 890 τοῦ
643 847 804 906 πύργου
835 847 1031 906 ἄρχοντες
1059 854 1132 893 καί
1158 854 1288 908 ἕτεροι
1315 853 1421 906 μετὰ
1452 869 1521 895 σι-

75 911 212 968 δήρων
239 915 426 968 ὀργάνων
455 914 700 968 ἐκβαλόντες
728 932 781 968 με
815 919 896 958 τῶν
924 916 1115 959 ἁλύσεων
1141 919 1214 959 καί
1242 920 1513 970 ἐξαιτιῶνται,

72 978 144 1020 καί
170 981 355 1032 λέγουσιν
385 975 463 1033 οὐχ
484 977 548 1021 ὅτι
573 982 800 1034 ἐχθρωδῶς
824 980 970 1036 ἔχουσι
995 986 1085 1024 κατ’
1113 985 1220 1036 ἐμοῦ
1245 987 1317 1026 καί
1341 985 1393 1026 οὕ
1418 990 1516 1040 τρέ..

72 1045 208 1100 φουσί
229 1060 309 1097 με,
346 1046 385 1086 εἰ
420 1042 478 1099 μή
507 1048 594 1087 ἐστι
628 1045 698 1087 δίιὶ
738 1046 794 1102 μή
825 1050 1052 1102 κεκτῆσθαι
1086 1048 1252 1098 αὐτούς.
1309 1053 1383 1092 καί
1407 1051 1516 1103 μετὰ

71 1108 147 1150 δύο
174 1109 332 1164 ἡμέρας
370 1109 560 1159 ἐλθόντες
597 1109 722 1153 πάλιν
761 1113 935 1168 ζητοῦσί
957 1130 1036 1166 με·
1111 1117 1184 1155 καί
1224 1114 1405 1170 ἐδεήθην
1443 1120 1516 1158 τοῦ

34 1175 277 1217 5αυ’θε’ντου
305 1191 388 1228 μου
430 1175 499 1217 διὰ
534 1180 698 1233 γραφῆς
736 1179 806 1219 ἵνα
827 1180 1095 1236 ἐξαποστείλῃ
1124 1176 1330 1235 ἄρχοντας
1357 1186 1515 1224 συλλα-

67 1242 195 1295 λῆσαι
216 1247 301 1290 τοῖς
321 1241 760 1296 αι’χμαλωτεύσασίμε
788 1243 893 1299 πρὸς
916 1247 1173 1298 συμβιβασιν
1188 1246 1284 1300 περὶ
1311 1249 1384 1301 τῆς
1412 1249 1516 1302 ἐμῆς

67 1307 323 1359 ἐλευθερίας.
363 1304 462 1361 ὅπερ
492 1309 564 1349 καί
590 1312 738 1362 γέγονε.
797 1309 871 1350 καί
895 1311 1253 1364 συμβιβασθέντες
1283 1312 1514 1356 δεδώκασιν

66 1372 177 1429 αὐτῷ
202 1372 246 1413 τὸ
275 1375 498 1427 Σαραβαλε
530 1373 734 1429 φρούριον
766 1377 1121 1430 τοιουτοτρόπως,
1156 1378 1223 1418 ἵνα
1254 1379 1407 1435 ἐγερθῇ
1443 1378 1516 1420 καί

65 1436 228 1494 α’πέλθῃ
248 1439 306 1486 εἰς
326 1436 394 1479 τὸν
416 1435 524 1480 οἶκον
555 1439 690 1480 αὑτοῦ
709 1442 754 1482 ἐν
781 1443 834 1496 τῇ
852 1442 1087 1498 Γλαρέντζᾳ
1102 1458 1113 1469 ·
1144 1445 1218 1483 καί
1234 1445 1385 1497 μέχρις
1412 1441 1510 1485 ὅλου

64 1504 212 1544 Μαΐου
224 1505 262 1545 εἰ
271 1505 347 1555 μὲν
358 1502 461 1561 ἔλθῃ
476 1502 497 1544 ὅ
508 1508 810 1560 μητροπολίτης
826 1508 897 1547 καί
911 1503 1118 1561 αὐθέντης
1131 1504 1280 1562 αὗτῶν,
1296 1508 1508 1564 ποιησάτω

60 1567 214 1617 ἐκεῖνος
242 1569 298 1617 ὠς
325 1572 462 1622 θέλει,
492 1572 532 1612 εἰ
558 1572 598 1611 δ’
627 1566 702 1622 οὔ,
743 1571 1052 1626 παραδώσωσιν
1092 1573 1209 1630 αὐτῷ
1236 1572 1282 1615 τό
1313 1574 1505 1629 κάστρον.

60 1635 132 1676 καί
156 1633 380 1690 γεγονότων
410 1633 569 1691 ὅρκων,
602 1639 674 1678 καί
708 1639 1054 1693 παραλαβομὲνου
1084 1640 1156 1679 καί
1183 1641 1257 1680 τοῦ
1281 1641 1505 1694 Σαραβάλε

156 1774 183 1796 ι.
208 1765 261 1802 εἰς
282 1761 347 1805 τὴν
370 1761 535 1808 κεφαλὴν
560 1765 756 1811 ἱστάμενος
791 1766 886 1811 ἔχων
920 1767 1019 1799 mcii)
1157 1769 1207 1802 13.
1232 1769 1441 1810 κεκτηκέναι
1466 1768 1503 1800 Μ

151 1820 206 1843 21.
230 1810 491 1857 παραδιδόασι
515 1807 553 1845 τὸ
578 1813 601 1844 P

56 1916 143 1951 mihi
167 1928 242 1950 esse
266 1918 303 1951 in
321 1917 562 1963 pulcherrimo
591 1920 722 1964 templo
743 1919 998 1964 Manganorum
1022 1918 1118 1966 quod
1145 1919 1286 1961 dicitur,
1305 1919 1403 1953 illius
1428 1933 1495 1955 no·-

53 1965 142 1998 mini
166 1975 275 1998 sacro.
315 1965 367 1997 ibi
402 1978 509 2011 quum
545 1967 799 2007 constitissem,
840 1972 998 2012 pateram
1035 1978 1140 1999 manu
1172 1972 1298 2000 tenens
1340 1973 1375 2000 et
1399 1979 1496 2001 com-

52 2010 206 2057 pedibus
238 2012 399 2053 vinctus,
429 2014 677 2058 imperatorem
715 2014 807 2046 forte
845 2019 1108 2053 transeuntem,
1146 2019 1186 2046 ut
1224 2014 1396 2047 ecclesiae
1436 2026 1493 2047 sa·-

53 2059 121 2091 cris
146 2058 358 2099 interesset,
385 2059 578 2100 obsecravi,
605 2066 646 2093 ut
668 2061 803 2093 catenis
839 2072 895 2093 me
921 2061 1066 2094 levaret.
1092 2072 1201 2105 quum
1231 2061 1300 2093 iam
1326 2061 1494 2094 intrasset

51 2105 90 2138 in
114 2105 299 2138 ecclesiam
326 2106 530 2150 imperator,
555 2118 713 2140 reversus
737 2118 828 2139 unus
859 2107 903 2140 de
930 2106 1137 2152 proceribus
1162 2108 1210 2140 ita
1234 2118 1290 2140 nie
1315 2107 1492 2140 allocutus

52 2157 125 2186 est:
146 2150 286 2186 “iussit
310 2153 519 2197 imperator,
546 2154 711 2186 dominus
737 2159 869 2194 noster,
898 2154 1050 2187 vinculis
1080 2159 1114 2186 te
1140 2154 1302 2195 liberari,
1329 2154 1367 2186 id
1393 2154 1492 2211 quod

50 2198 277 2243 imperatrix,
317 2199 458 2233 domina
482 2206 601 2234 nostra
617 2226 626 2241 ,
661 2206 696 2234 et
720 2211 840 2233 omnes
875 2212 940 2233 nos
976 2203 1020 2233 ab
1046 2200 1172 2233 eodem
1195 2199 1424 2245 petivimus'.
1455 2206 1492 2234 et

51 2255 152 2286 ecce,
175 2246 268 2278 circa
295 2247 508 2280 matutinum
532 2249 647 2280 noctis
672 2247 829 2280 eiusdem
854 2253 1017 2292 tempus,
1054 2247 1142 2280 hora
1165 2253 1355 2288 consueta,
1380 2249 1488 2281 turris

49 2291 224 2337 praefecti
259 2293 381 2325 etalii
416 2294 504 2335 viri,
538 2295 782 2327 instrumentis
813 2294 934 2327 ferreis
969 2295 1154 2333 instructi,
1186 2295 1319 2327 catenis
1341 2305 1398 2326 me
1423 2305 1487 2327 ex-

47 2338 224 2384 pediunt,
261 2345 298 2372 et
321 2347 490 2374 excusant
525 2352 562 2373 se
587 2341 675 2374 mihi
715 2342 906 2386 aiuntque,
931 2353 1004 2374 non
1028 2340 1152 2374 hostili
1177 2341 1260 2374 odio
1286 2346 1358 2374 tam
1382 2352 1487 2385 parce

48 2395 90 2418 ac
115 2386 267 2430 maligne
291 2387 422 2419 victum
447 2398 483 2420 se
509 2388 734 2432 praebuisse,
758 2387 821 2420 sed
846 2389 929 2434 quia
954 2388 1104 2420 meliora
1128 2399 1220 2432 quae
1247 2387 1389 2427 darent,
1414 2399 1487 2422 non

46 2429 259 2466 habuissent
282 2433 361 2478 ipsi.
390 2439 470 2478 post
495 2434 645 2468 biduum
670 2435 799 2468 adsunt
814 2435 942 2468 iterum
968 2440 1004 2468 et
1027 2445 1083 2467 me
1102 2434 1354 2475 cohortantur,
1376 2440 1486 2479 utque

48 2489 114 2524 ego
142 2490 206 2524 per
232 2480 351 2512 literas
382 2481 564 2514 dominum
594 2493 709 2514 meum
744 2482 862 2522 oravi,
896 2487 935 2515 ut
954 2482 1114 2515 mitteret
1141 2481 1233 2514 viros
1267 2480 1484 2522 honoratos,

47 2526 110 2570 qui
133 2525 177 2559 de
203 2525 469 2560 conditionibus
514 2528 737 2562 liberationis
760 2539 859 2561 meae
895 2529 1132 2571 transigerent
1155 2539 1232 2559 cum
1258 2526 1330 2567 his,
1357 2539 1376 2559 a
1399 2528 1484 2573 qui-

46 2570 114 2605 bus
139 2573 298 2618 captivus
325 2573 526 2607 detinebar:
551 2575 587 2607 id
616 2575 713 2621 quod
740 2576 869 2607 factum
899 2580 968 2615 est,
999 2581 1056 2614 et,
1084 2574 1279 2618 composita
1305 2574 1483 2615 amicitia,

47 2620 230 2652 castellum
255 2620 423 2654 Sarabale
460 2620 528 2654 hoc
554 2622 587 2654 ei
616 2628 720 2667 pacto
746 2621 989 2663 tradiderunt,
1028 2626 1067 2653 ut
1091 2621 1313 2654 Glarentzam
1339 2620 1483 2654 domum

46 2665 244 2708 recederet;
273 2673 309 2700 et
332 2666 476 2712 quidem
501 2669 528 2700 si
561 2680 623 2713 per
652 2669 785 2702 Maium
813 2669 969 2701 venisset
1001 2667 1229 2711 metropolita
1259 2673 1294 2700 et
1317 2666 1482 2700 dominus

46 2711 215 2757 ipsorum,
239 2713 427 2756 faceretis,
444 2714 539 2760 quod
563 2716 690 2759 vellet3
715 2716 743 2749 si
766 2726 838 2750 non
865 2716 1025 2755 venisset,
1047 2720 1197 2747 castrum
1218 2714 1272 2746 illi
1297 2712 1480 2764 dederent.

115 2774 327 2811 Plzrantzes.
1194 2788 1231 2810 Ιο
