1806 3190
664 176 1011 230 'Paoomnun
1533 168 1564 222 5

134 305 248 342 μενοι
278 284 303 341 ἢ
337 287 408 330 καί
434 288 771 343 παραχαράττειν
795 288 1054 341 βουλόμενοι.
1113 282 1204 328 οὔτε
1233 287 1333 340 γοῦν
1360 284 1463 338 πρὸς
1486 284 1567 338 χά-

135 371 202 408 ριν
242 349 335 396 οὔτε
375 352 478 407 πρὸς
519 351 709 409 φθόνον,
749 355 841 395 ἀλλ’
874 354 972 395 ου’δὲ
1011 352 1114 407 πρὸς
1153 358 1272 406 μῖσος
1311 347 1339 405 ἢ
1367 350 1440 391 καί
1462 350 1568 404 πρὸς

133 415 295 461 εὔνοιαν
323 418 580 475 συγγράφειν
604 418 741 473 χρεών
768 420 858 460 ἐστι
888 418 957 459 τὸν
985 415 1302 474 συγγράφοντα,
1340 416 1433 458 ἄλλ’
1456 416 1566 458 ἱστο-

135 483 229 539 ρίας
253 482 380 536 μόνον
402 482 531 539 χάριν
557 487 630 526 καί
652 486 727 526 τοῦ
754 483 812 538 μὴ
841 482 973 539 λήθης
1002 485 1124 541 βυθῷ
1155 484 1470 538 παραδοθῆναι,
1514 479 1567 536 ἢν

99 549 156 597 5δ
182 548 330 604 χρόνος
359 546 443 592 οἶδε
472 551 639 604 γεννᾶν,
667 548 744 604 τὴν
776 547 989 605 ἱστορίαν,
1019 552 1158 601 μένειν
1186 550 1231 590 δὲ
1262 546 1399 600 ζῶσάν
1421 563 1462 589 τε
1495 549 1570 588 καί

133 618 342 657 λαλοῦσαν
383 615 524 671 φωνὴν
559 617 632 657 καί
664 613 857 669 ἔμψυχον
896 613 970 656 καί
1012 613 1260 669 διαπρύσιον
1307 611 1467 668 κήρυκα
1511 613 1564 653 δι’

0 677 2 758 j
133 677 373 735 άπεράντων
399 679 573 724 αἰώνων.
629 678 759 730 οὕτως
783 680 920 723 τοίνυν
950 678 1062 734 κάγώ
1094 682 1134 722 Γ
1133 681 1303 735 εοόργιος
1333 681 1566 734 Φραντζῆς,

130 747 153 786 ὅ
183 747 445 801 χρηματίσας
487 748 558 787 καί
583 747 954 801 πρωτοβεστιάριος
993 748 1067 788 καί
1093 748 1134 788 Γ
1131 744 1323 802 ρηγόριος
1349 744 1459 799 τάχα
1488 761 1566 797 μο-

129 811 280 865 ναχός,
309 814 444 854 ταῦτα
471 810 640 867 ἔγραψα
668 815 765 867 περί
793 814 876 854 τῶν
911 816 1007 854 καθ’
1037 810 1167 853 αὑτὸν
1197 814 1268 854 καί
1294 813 1418 852 τινῶν
1444 826 1566 863 μερι-

72 882 211 923 ιοκαῖν
237 878 471 931 α’ναγκαίων
510 875 735 932 γεγονότων
774 879 818 920 ἐν
855 880 914 935 τῷ
944 880 1017 933 τῆς
1052 880 1159 932 ζωῆς
1186 893 1269 930 μου
1297 873 1438 932 χρόνῳ
1467 876 1564 930 πρίν

126 946 198 998 τῆς
221 944 510 996 αἰχμαλωσίας
536 940 654 997 ἡμῶν
675 946 748 986 καί
776 943 879 997 μετὰ
907 944 981 999 τὴν
1009 942 1314 997 αἰχμαλωσίαν.
1347 944 1419 984 καί
1449 943 1564 996 πρῶ-

124 1023 194 1050 τον
224 1010 300 1062 μὲν
328 1008 622 1063 διηγησώμεθα
652 1011 749 1064 περί
772 1012 853 1051 τῶν
881 1007 1085 1066 ἀφορμῶν
1111 1008 1183 1051 καί
1212 1010 1355 1051 αἰτιῶν
1381 1009 1452 1062 τῆς
1481 1010 1564 1048 τῶν

124 1071 428 1128 Παλαιολόγων
455 1075 668 1128 βασιλείας
695 1076 740 1116 ἐκ
769 1073 936 1130 πρώτου
964 1072 1286 1130 βασιλεύσαντος
1311 1075 1356 1116 ἐκ
1385 1075 1461 1116 τοῦ
1492 1076 1559 1127 γε’·

123 1155 221 1190 νους
251 1141 388 1181 αὐτῶν
417 1135 515 1193 ἄχρι
542 1143 615 1194 τῆς
647 1140 841 1190 ἁλώσεως
868 1144 939 1196 τῆς
969 1137 1446 1187 Κωνσταντινουπόλεως
1475 1137 1556 1180 ὑπὸ

67 1207 112 1248 15
132 1203 346 1260 Τούρκων,
373 1205 440 1246 καὶ
469 1204 591 1247 πόσοι
620 1208 690 1248 καί
729 1209 833 1256 τίνες
862 1206 900 1248 οἱ
928 1205 1016 1249 υἱοί
1042 1208 1114 1249 καί
1140 1207 1366 1261 θυγατέρες
1393 1207 1465 1247 καί
1491 1206 1559 1246 δε-

108 1270 274 1312 σπόται
300 1271 479 1325 ἐγένοντο
508 1272 673 1320 αὐτοῖς·
751 1272 823 1314 καί
846 1274 928 1315 τῶν
965 1271 1192 1327 γεγονότων
1219 1274 1409 1322 πολέμων
1439 1273 1481 1312 ἐν
1508 1272 1558 1328 τῇ

124 1334 427 1393 Πελοποννήσῳ
470 1335 548 1378 α’νά
588 1342 676 1379 τοῖν
714 1338 830 1379 δυοῖν
869 1339 1175 1395 αὕταδέλφοιν,
1221 1340 1299 1379 τοῦ
1341 1338 1556 1378 δεσποτιόυ

123 1401 268 1456 κυρίου
314 1404 572 1457 Δημητρίου.
604 1405 709 1456 λέγω
739 1404 811 1445 καί
845 1405 1064 1445 δεσποτιόυ
1105 1402 1253 1458 κυρίου
1285 1404 1443 1456 Θωμᾶ,
1487 1405 1560 1444 καί

122 1464 272 1522 ἑτέρων
302 1468 535 1521 ἀναγκαίων
565 1469 639 1510 καί
662 1467 824 1524 μνήμης
851 1470 977 1520 α’ξίων
1020 1468 1224 1522 βούλομαι
1257 1469 1553 1524 διηγήσασθαι.

211 1590 243 1633 4.
266 1590 531 1635 παραδοθῆναι
548 1596 584 1624 et
603 1591 633 1623 5.
654 1591 733 1635 οἶδε
755 1591 894 1638 γεννᾶν
913 1591 983 1625 add
1000 1591 1215 1636 Acropolita.
1310 1591 1341 1625 5.
1369 1586 1435 1633 τὴν
1453 1592 1555 1624 ἱστο-

210 1638 378 1693 ρίανμὲν
403 1637 525 1678 ζῶσάν
538 1657 581 1663 -—
597 1641 754 1685 κίνυραν
770 1639 815 1673 δι’
832 1638 1050 1686 ἄπεράντων
1068 1637 1218 1673 αἰώνων
1241 1636 1294 1669 M:
1324 1637 1342 1680 ἢ
1362 1637 1395 1671 δ’
1408 1640 1556 1683 ἱστορία

214 1684 313 1724 ζῶσα
335 1695 372 1719 τε
407 1688 471 1719 καὶ
493 1685 656 1719 λαλοῦσα
692 1684 798 1732 φωνή
825 1689 888 1720 καὶ
920 1687 1085 1734 ἔμψυχος
1113 1688 1179 1719 καὶ
1205 1684 1424 1732 διαπρύσιος
1447 1683 1556 1730 κήρυξ

213 1731 372 1777 διαπερᾷ
397 1726 460 1768 τὸν
485 1731 603 1767 αἰῶνα
628 1733 781 1767 Alterus.
897 1747 932 1780 9.
957 1733 1055 1780 περὶ]
1079 1735 1170 1776 πρὶν
1191 1732 1228 1764 Μ
1350 1733 1401 1766 13.
1427 1734 1468 1768 ἐκ
1489 1731 1573 1766 τοῦ·

211 1777 390 1824 τιρώτουὲ
513 1791 564 1825 ¹7·
593 1778 774 1815 δεσπότου
799 1774 892 1826 κύρὶ)
1015 1792 1066 1825 ¹9-
1091 1779 1207 1826 ἕτεροι
1231 1778 1269 1813 Μ

122 1903 203 1936 gere
235 1893 382 1937 possint.
421 1899 456 1927 at
494 1895 588 1928 enim
626 1896 768 1928 nonnisi
795 1906 853 1935 ea,
889 1906 981 1941 quae
1016 1895 1210 1928 communis
1234 1894 1327 1927 fama
1350 1893 1557 1938 divulgavit,

121 1941 285 1984 excipere
314 1939 469 1980 debent,
491 1942 558 1974 nisi
586 1943 770 1975 veritatem
812 1942 1004 1986 infringere
1025 1942 1162 1982 velint,
1190 1953 1312 1974 eorum
1338 1941 1468 1981 instar,
1494 1941 1555 1986 qui

120 1997 246 2019 numos
281 1987 536 2021 circumcidunt
573 1989 630 2022 vel
654 1989 789 2022 cudunt
819 1989 1052 2022 adulterinos.
1078 1994 1173 2021 certe
1198 1988 1343 2034 quidem
1368 1999 1485 2032 neque
1512 1987 1558 2019 ad

122 2034 268 2077 gratiam
293 2034 350 2067 vel
375 2034 554 2076 studium,
592 2047 710 2081 neque
735 2036 780 2069 ad
806 2033 975 2069 invidiam
1011 2036 1069 2069 vel
1093 2035 1214 2068 odium
1239 2034 1463 2068 scribendum
1492 2039 1557 2073 est,

122 2080 185 2113 sed
211 2080 321 2113 solius
346 2083 534 2114 memoriae
564 2094 689 2123 causa,
716 2089 757 2116 ut
788 2094 843 2116 res
871 2082 1052 2116 oblivione
1078 2094 1122 2115 ne
1149 2082 1360 2119 deleantur,
1386 2082 1422 2114 in
1451 2092 1556 2126 quum

120 2127 289 2171 temporis
328 2127 562 2162 diuturnitate
600 2131 718 2163 solent
752 2129 900 2170 adduci,
934 2129 997 2162 sed
1030 2129 1131 2174 quasi
1164 2130 1240 2161 viva
1274 2135 1309 2162 et
1344 2128 1436 2162 clara
1469 2138 1557 2160 voce

121 2175 304 2218 praeconis
330 2175 549 2208 saeculorum
569 2183 791 2210 aeternorum
812 2182 1006 2221 personent
1024 2177 1146 2221 spatia.
1171 2177 1296 2221 itaque
1322 2187 1386 2220 ego
1411 2185 1557 2219 quoque

123 2221 295 2265 Georgius
319 2222 529 2266 Phi-annes,
566 2224 831 2267 protovestiarii
869 2224 954 2257 olim
988 2223 1129 2256 functus
1168 2223 1340 2267 dignitate
1366 2228 1402 2255 et
1426 2220 1558 2253 deinde

122 2267 283 2311 Gregorii
309 2269 453 2301 nomine
489 2270 681 2303 monachus
708 2271 839 2311 factus,
868 2271 911 2303 de
938 2270 1043 2303 rebus
1071 2271 1238 2303 memoria
1262 2281 1340 2303 mea
1365 2268 1492 2313 gestis,
1521 2272 1559 2301 et

122 2315 302 2358 speciatim
329 2316 479 2348 miseriis
507 2317 735 2361 quibusdam,
762 2328 854 2362 quae
879 2318 1008 2362 partim
1035 2324 1129 2358 ante,
1157 2318 1286 2362 partini
1315 2321 1396 2361 post
1420 2320 1557 2359 captain

121 2361 260 2405 Cpolim
284 2373 348 2395 nos
376 2363 589 2404 afflixerunt,
617 2364 682 2397 hos
709 2365 900 2408 conscripsi
926 2364 1207 2397 commentarios.
1234 2375 1274 2397 ac
1299 2363 1449 2407 primum
1477 2362 1558 2406 qui'·

122 2407 201 2441 dem
226 2409 397 2451 originem
422 2410 607 2454 explicabo
634 2412 771 2456 imperii
787 2411 1093 2456 Palaeologorum,
1123 2417 1159 2445 et
1182 2410 1364 2444 historiam
1390 2419 1511 2441 eorum
1538 2419 1558 2440 a

119 2455 234 2499 primo
261 2457 337 2489 eius
364 2456 487 2489 domus
512 2457 728 2502 imperatore
752 2458 797 2491 ad
821 2458 960 2503 Cpolim
987 2469 1100 2503 usque
1127 2470 1146 2491 a
1171 2457 1294 2490 Turcis
1320 2461 1556 2501 expugnatam

120 2502 337 2545 perscribam
354 2528 363 2544 ‚
388 2503 574 2549 dicamque
595 2511 683 2549 quot
712 2511 748 2538 et
773 2506 833 2549 qui
861 2506 935 2538 eius
969 2506 1083 2549 gentis
1110 2505 1177 2537 filii
1202 2504 1340 2536 filiaeve
1369 2507 1404 2535 et
1427 2502 1557 2546 despo-

122 2553 177 2580 tae
206 2549 354 2591 suerint,
380 2556 488 2595 atque
513 2551 557 2584 de
581 2551 687 2584 bellis
715 2552 751 2585 in
770 2552 1017 2597 Peloponneso
1043 2552 1136 2585 iuter
1149 2551 1367 2584 Demetrium
1395 2555 1432 2582 et
1456 2547 1556 2581 Tho·-

122 2606 222 2634 mam‚
248 2596 372 2630 fratres
396 2597 574 2642 despotas,
599 2599 727 2643 gestis,
754 2600 904 2645 aliisque
931 2599 976 2633 de
1002 2599 1104 2633 rebus
1128 2598 1335 2632 necessariis
1362 2601 1398 2630 et
1421 2602 1556 2630 memoss

122 2647 197 2675 ratu
224 2642 335 2687 dignis
362 2654 546 2689 exponam.
