1806 3190
0 161 6 178 V
0 147 6 151 '
0 0 28 142 QTPZQQ

555 160 654 199 Lm.
682 160 753 198 111.
793 155 910 198 CAP.
937 156 1012 196 ιιι.
1394 134 1505 209 249

68 255 232 311 ἑτέρους
264 254 492 309 διεγειρων,
525 253 632 299 ῶστε
659 256 710 296 οὕ
738 254 916 306 δύναμαι
946 254 1075 295 εἰπεῖν
1097 250 1173 302 τὰς
1201 250 1344 307 φωνὰς
1376 252 1510 294 αὐτοῦ

71 322 144 365 καί
168 321 266 371 τούς
293 323 373 363 τῶν
404 318 555 376 ἑτέρων
596 319 770 375 κρότους
798 321 874 368 ἕως
903 320 978 361 τοῦ
1019 313 1202 374 οὖρανοῦ
1243 319 1507 371 αἰρομένους.

73 390 146 430 καί
170 385 370 442 σόρρηξις
398 385 523 428 πάλιν
554 388 815 441 μεγαλητέρα
854 383 1054 438 ἐγεγόνει,
1087 383 1158 426 καί
1183 383 1327 426 πολλοὶ
1356 387 1402 426 ἐκ
1429 386 1511 425 τῶν

71 452 272 509 τριήρεων
301 453 618 507 ἀπεκτάνθησαν
641 453 714 493 καί
734 452 971 505 ἑπνίγησαν,
1002 452 1075 492 καί
1100 449 1178 492 δύο
1195 451 1278 492 τῶν
1305 449 1513 504 τριήρεσιν

2 515 62 574 ᾗῇ
73 517 362 574 πυριαλῶτους
399 517 610 573 ἐποίησαν,
642 516 714 559 καί
751 518 1007 571 θεωροῦντες
1034 515 1108 565 τὰς
1130 519 1231 572 νῆας
1257 517 1512 558 ε’δειλιάσαν.

73 585 98 628 ό
129 586 176 628 δὲ
205 586 373 639 α’μηροῖς
400 586 574 639 θεωρῶν
602 585 736 638 μηδὲν
761 579 877 634 ἄξιον
906 581 1026 636 ἔργον
1043 585 1240 624 ποιοῦντα
1269 582 1341 624 τόν
1368 584 1515 625 τοσοῦ-

0 658 21 705 ἶ,
72 666 145 694 τον
181 652 255 692 καί
283 652 524 705 τηλικοῦτον
561 647 710 692 στόλον
754 647 860 690 ἀλλὰ
897 649 1058 701 μᾶλλον
1092 645 1245 701 ἥττονα
1284 645 1403 702 ὄντα,
1430 665 1515 700 μα-

74 718 158 766 νείς
188 719 261 760 καί
286 718 414 774 θυμῷ
430 718 629 772 ληφθείς,
660 713 929 768 βρυχώμενος
957 713 1029 756 καί
1045 712 1144 763 τούς
1162 713 1338 764 ὀδόντας
1363 713 1517 768 τρίζων

73 778 220 837 ὕβρεις
247 784 385 835 ἐνέχεε
412 784 472 831 εἷς
499 781 599 830 τούς
633 781 780 833 αὑτοῦ,
811 781 1124 835 δειλοκαρδίους
1152 779 1225 822 καί
1245 781 1518 834 γυναικώδεις

0 851 64 919 ’βο
75 850 147 891 καί
166 845 390 904 ἀνωφελεῖς
413 849 644 889 ἀποκαλῶν.
672 845 744 888 καὶ
770 845 839 888 τόν
860 847 985 888 ἵππον
1009 846 1228 902 κεντρίσας
1248 842 1378 901 ἦλθεν
1403 846 1520 896 ἐντὸς

73 917 149 968 τῆς
175 913 392 968 θαλάσσης
421 909 548 969 (ἦσαν
574 912 655 968 γοὶρ
696 911 817 967 ἐγγυς
849 912 919 966 τῆς
946 914 1103 967 χέρσου
1135 912 1179 954 αἱ
1207 910 1393 967 τριήρεις
1420 911 1523 954 ῶσεί

75 983 197 1023 λίθου
218 980 379 1034 βολήν),
405 981 477 1020 καί
494 977 546 1020 τὰ
571 981 737 1020 πλείονα
758 980 838 1020 τῶν
862 977 1052 1031 χιτώνων
1073 979 1204 1020 αὐτοῦ
1225 977 1448 1034 ὲβάφησαν
1473 980 1519 1020 ἑκ

74 1048 157 1089 τῶν
175 1048 246 1100 τῆς
271 1044 463 1100 ἁλμυρᾶς
479 1042 696 1099 θαλάσσης
724 1043 904 1086 ὑδάτων.
935 1043 956 1084 ὅ
981 1046 1028 1085 δὲ
1055 1043 1234 1100 στρατός
1258 1043 1280 1085 ὁ
1311 1042 1424 1098 παρά
1446 1041 1521 1098 τὴν

71 1114 226 1166 χέρσον
252 1113 427 1167 θεωρῶν
455 1109 583 1153 αὐτόν
599 1107 732 1159 οὕτως
755 1111 954 1151 ποιοῦντα
981 1109 1238 1165 ἠγανάκτουν
1266 1110 1522 1163 λυπούμενοι

13 1176 260 1227 15xat⁸totic
287 1180 331 1219 ἐν
357 1179 414 1234 τῷ
437 1175 571 1234 στόλῳ
598 1176 920 1232 ἐβλασφήμουν·
951 1175 1023 1218 καί
1048 1180 1230 1219 πλεῖστοι
1257 1176 1429 1231 ἔφιπποι
1462 1176 1520 1233 τῷ

73 1243 219 1301 οἷμηρᾷ
243 1246 317 1286 καί
360 1244 485 1285 αὐτοὶ
513 1244 840 1292 ἀκολουθοῦντες
870 1244 947 1291 ἕως
974 1247 1057 1284 τῶν
1088 1245 1199 1297 νηῶν
1228 1238 1419 1296 ἤγγισαν.
1479 1242 1519 1284 οἱ

73 1310 119 1351 δὲ
146 1312 222 1351 τοῦ
243 1309 396 1351 στόλου
425 1307 492 1350 τὸν
520 1310 687 1363 α’μηρᾶν
716 1305 848 1357 οὕτως
877 1310 1140 1363 θεωροῦντες
1168 1307 1422 1363 πράττοντα,
1450 1307 1523 1350 καὶ

72 1376 368 1428 αἰσχυνθέντες
406 1373 481 1424 τὰς
522 1372 696 1428 ὕβρεις,
742 1369 908 1423 ἄκοντες
935 1377 1008 1416 καί
1034 1370 1198 1423 ἑκόντες
1233 1372 1340 1426 μετὰ
1376 1376 1523 1427 θυμοῦ

71 1440 255 1495 μεγάλου
284 1442 577 1494 μετέστρεψαν
607 1436 732 1490 αὖθις
766 1440 838 1489 τὰς
867 1439 1040 1496 πρώρας
1067 1439 1172 1482 κατὰ
1202 1441 1284 1482 τῶν
1311 1442 1419 1494 νηῶν
1451 1438 1524 1481 καί

71 1505 275 1560 ἐμάχοντο
303 1508 506 1560 ἰσχυρῶς.
577 1505 649 1547 καί
688 1507 735 1546 τί
755 1504 837 1560 χρὴ
870 1508 1032 1558 λέγεινς
1075 1502 1125 1546 οὗ
1152 1505 1281 1558 μόνον
1311 1507 1371 1554 εἰς
1397 1505 1521 1546 ου’δὲν

69 1570 142 1620 τὰς
170 1573 270 1623 νῆας
300 1571 493 1624 ἔβλαψαν
502 1605 514 1625 ,
560 1569 667 1613 α’λλὰ
695 1573 768 1613 καί
795 1575 989 1620 τοσοῦτος
1013 1571 1139 1628 φόνος
1167 1572 1239 1613 καί
1266 1570 1400 1626 πληγὴ
1432 1573 1522 1625 ἐγε-

68 1637 179 1692 γόνει
206 1642 294 1680 κατ’
325 1636 477 1686 αὐτούς
507 1634 613 1681 ὥστε
644 1637 719 1679 οὐκ
741 1636 943 1680 ἐδύναντο
971 1636 1015 1680 αἱ
1042 1638 1226 1694 τριήρεις
1249 1633 1425 1680 ὄπισθεν
1453 1640 1521 1679 ἐλ-

170 1755 196 1776 ι.
223 1743 392 1790 γράφειν
415 1744 439 1776 Ρ
557 1745 590 1778 3.
617 1746 840 1791 ἰσχυροτέρα
867 1745 891 1778 Ρ
984 1747 1017 1780 6.
1039 1744 1121 1784 πῶς
1145 1742 1254 1780 οὐδὲν
1278 1743 1387 1784 ι’έξιον
1410 1743 1522 1790 ἔργον

163 1792 282 1826 ἐποίει
310 1791 328 1825 ὁ
360 1791 534 1831 τοσοῦτος
567 1795 630 1826 καὶ
654 1793 859 1834 τηλικοῦτος
892 1792 1042 1834 στόλος,
1068 1789 1153 1826 ἀλλὰ
1182 1792 1324 1840 μᾶλλον
1351 1787 1423 1826 ὑπὸ
1447 1791 1522 1827 τῶν

168 1839 269 1880 νηῶν
293 1836 413 1880 istum
432 1838 469 1871 M
582 1849 637 1871 22.
667 1838 791 1875 αὐτῶν
820 1840 844 1872 Ρ

71 1928 138 1961 bus
161 1929 331 1968 excitans,
357 1940 443 1974 quas
468 1929 584 1962 verbis
609 1930 806 1974 exprimere
831 1941 903 1963 non
938 1930 1050 1974 magis
1077 1941 1184 1975 quam
1211 1934 1409 1963 ceterorum
1447 1929 1522 1962 cla-

72 1986 188 2008 mores
214 1977 369 2020 possim,
409 1976 540 2020 quibus
572 1982 665 2009 astra
700 1977 933 2012 feriebantur.
974 1978 1097 2022 itaque
1132 1977 1267 2010 exarsit
1299 1988 1415 2009 rursus
1456 1987 1520 2009 ve-

70 2021 274 2056 hementius
307 2034 447 2067 pugna,
480 2035 519 2055 ac
554 2024 658 2056 multi
700 2035 719 2057 e
751 2023 955 2057 triremibus
992 2024 1101 2058 occisi
1139 2029 1202 2057 aut
1225 2025 1390 2056 suffocati
1417 2029 1518 2063 sunt,

71 2068 284 2114 duabusque
325 2069 415 2102 adeo
447 2070 651 2103 triremibus
684 2072 818 2116 captis,
845 2072 882 2104 in
906 2082 1072 2116 magnum
1105 2071 1268 2104 timorem
1297 2070 1515 2103 inciderunt.

69 2127 202 2150 ameras
227 2127 337 2161 quum
353 2117 459 2150 talem
485 2123 695 2162 tantamque
721 2119 864 2151 classem
890 2119 1030 2151 nullum
1051 2129 1182 2162 operae
1208 2119 1362 2162 pretium
1385 2117 1517 2157 facere,

69 2163 140 2196 imo
169 2164 288 2208 potius
317 2164 473 2208 superari
501 2164 659 2205 videret,
694 2165 745 2198 ira
772 2171 808 2198 et
833 2165 954 2198 furore
982 2166 1160 2206 incensus,
1185 2165 1339 2197 fremens
1365 2169 1400 2197 et
1428 2163 1518 2196 den-

70 2209 165 2243 tibus
194 2210 375 2250 frendens,
394 2211 596 2244 maledictis
621 2223 702 2245 suos
726 2213 921 2257 proscidit,
962 2213 1116 2255 ignavos,
1143 2212 1378 2251 effeminatos,
1402 2210 1518 2243 nebu—

70 2257 172 2290 lones
195 2258 399 2301 increpans;
444 2269 485 2291 ac
531 2258 685 2292 subditis
731 2271 824 2304 equo
861 2259 1081 2300 calcaribus,
1126 2259 1164 2291 in
1199 2270 1294 2291 mare
1329 2263 1517 2302 provectus

72 2309 127 2337 est
161 2306 287 2349 (prope
329 2305 424 2337 enim
458 2316 477 2337 a
508 2310 601 2338 terra
629 2317 736 2339 naves
762 2306 919 2345 aberant,
951 2307 1093 2339 circiter
1116 2306 1246 2338 iactum
1273 2303 1437 2349 lapidis),
1477 2309 1518 2338 ut

74 2355 188 2384 vestes
236 2351 312 2383 eius
354 2351 541 2385 maximam
578 2359 714 2397 partem
754 2365 845 2398 aqna
883 2354 974 2386 salsa
1008 2353 1256 2386 madefierent.
1319 2351 1417 2396 quod
1454 2351 1517 2384 ubi

74 2408 154 2430 eum
178 2397 368 2431 facientem
404 2398 497 2432 vidit
535 2401 730 2440 exercitus,
762 2401 824 2445 qui
856 2401 894 2433 in
919 2401 1024 2433 litore
1058 2406 1152 2439 erat,
1191 2398 1439 2442 indignatione
1479 2403 1517 2431 et

72 2443 196 2478 dolore
218 2445 408 2485 commoti,
433 2446 726 2479 conviciabantur
750 2446 824 2487 his,
856 2448 919 2492 qui
945 2447 982 2480 in
1006 2447 1115 2479 classe
1143 2451 1265 2485 erant,
1304 2450 1340 2478 et
1370 2445 1515 2489 plurimi

72 2491 174 2536 equis
211 2502 362 2525 ameram
390 2494 519 2533 secuti,
560 2494 629 2538 ipsi
665 2505 808 2538 quoque
844 2505 958 2539 usque
995 2493 1039 2526 ad
1073 2504 1179 2525 naves
1215 2491 1438 2537 procedunt;
1475 2503 1517 2525 ac

71 2537 262 2579 classiarii,
289 2539 340 2572 ita
377 2550 484 2584 quum
511 2546 674 2583 agentem
711 2552 789 2573 eum
816 2541 957 2581 vident,
984 2540 1122 2585 pudore
1154 2540 1392 2572 conviciorum
1418 2550 1516 2571 com-

71 2583 177 2628 pulsi,
205 2586 382 2619 conversis
419 2598 537 2619 rursus
562 2588 676 2631 proris
714 2587 882 2620 adversus
914 2594 1114 2620 nostrorum
1140 2597 1257 2623 naves,
1283 2591 1426 2619 strenue
1455 2585 1519 2620 de—

71 2636 219 2664 certant.
255 2644 374 2665 verum
412 2632 498 2677 quid
523 2645 611 2678 opus
650 2640 723 2674 est,
756 2640 794 2668 ut.
819 2640 984 2668 eventum
1022 2633 1163 2666 dicam?
1193 2644 1265 2666 non
1292 2632 1398 2666 modo
1423 2633 1518 2666 nihil

71 2677 266 2723 quidquam
300 2685 497 2713 nocuerunt
522 2681 693 2720 navibus,
721 2681 783 2713 sed
812 2682 917 2714 etiam
944 2686 1043 2714 tanta
1069 2680 1104 2712 in
1130 2691 1190 2712 eos
1217 2679 1336 2712 clades
1363 2685 1517 2724 strages-

70 2734 141 2769 que
167 2725 263 2760 edita
297 2732 374 2767 est,
410 2732 447 2760 ut
484 2727 644 2762 triremes
681 2728 797 2762 redire
836 2739 909 2762 non
942 2733 1100 2772 possent.
1125 2727 1233 2761 occisi
1263 2731 1345 2761 sunt
1368 2727 1433 2761 isso
1458 2727 1517 2761 die
