1806 3190
321 166 429 232 240
737 183 965 224 GEoRGu
1005 184 1326 227 PHRANTZAE

313 284 513 335 Εὐξείνου
553 284 699 325 πόντου
729 285 801 324 καί
829 283 1111 337 Νικομηδείας
1147 286 1219 325 καί
1243 285 1400 340 Ἀσίας,
1431 283 1490 330 ὧν
1519 286 1541 330 ὅ
1569 285 1752 346 ἆριθιιός

312 349 441 392 εἴκοσι
473 351 544 390 καί
572 346 804 403 τριακόσια,
836 350 879 399 ἐξ
904 343 964 390 ὧν
985 348 1176 404 ὑπῆρχον
1201 349 1385 407 τριήρεις
1404 355 1504 396 δέκα
1527 357 1600 398 καί
1629 358 1751 410 ὀκτώ,

311 415 470 470 ὁιὴρεις
499 414 803 468 τεσσαράκοντα
825 414 896 457 καί
923 415 1040 468 ὀκτώ,
1069 416 1116 457 τὸ
1148 418 1194 458 δὲ
1225 418 1368 461 λοιπόν
1399 416 1501 475 ἄχρι
1542 426 1617 464 τοῦ
1656 425 1753 480 οἷρι..

311 482 428 534 θμοῦ
454 482 536 521 τῶν
553 479 606 521 τκ’
634 480 826 535 ὑπῆρχον
853 484 947 535 νῆες
971 484 1133 535 μακραί
1158 482 1231 524 καί
1245 487 1379 537 πλοῖά,
1410 490 1492 528 τῶν
1506 504 1553 542 γε
1577 487 1620 531 τὸ
1649 506 1756 547 φορ-

310 550 400 588 τίον
429 541 480 601 ἦν
505 549 706 598 μαχίμων
731 548 803 589 καί
827 546 1004 598 τοξότων
1037 549 1201 603 α’νδρῶν
1245 550 1501 603 παμπόλλων
1542 553 1616 596 τόν
1654 556 1784 612 α’ρι-5

308 612 441 664 θμόν·
495 611 686 666 ὑπῆρχον
722 612 800 667 γὰρ
831 614 875 654 ἐν
908 615 1068 664 τούτοις
1097 614 1170 656 καί
1206 614 1416 670 δρόμωνες
1440 619 1604 674 φορτίοι
1634 624 1755 666 πέντε

309 677 379 718 καί
407 675 561 730 εἴκοσι,
603 679 652 719 αἲ
674 675 789 732 εἶχον
826 681 1142 735 πεφορτισμένοι
1171 680 1274 732 ξύλα
1306 686 1472 726 τίτανον
1499 675 1652 741 πέτράς
1682 690 1756 731 καί

309 739 456 798 ἑτέρας
485 739 591 793 ’ὕλας
619 743 856 799 ἐπιτηδείας
876 745 980 801 πρὸς
1008 750 1248 800 πολιορκίαν
1268 745 1437 799 πόλεως.
1492 752 1599 807 πλὴν
1628 756 1672 796 έν
1698 758 1755 813 τῷ

310 810 443 861 λιμένι
489 811 540 850 οὐ
578 809 735 866 ῥᾳδίως
771 807 885 865 εἶχον
919 811 995 865 τὴν
1034 810 1194 855 εἴσοδον
1232 815 1286 855 δι’
1313 816 1450 859 αἰτίαν
1488 817 1540 873 ἣν
1572 819 1750 873 εἴπομεν.

308 874 502 925 ἐλθόντες
529 877 573 918 ἐκ
602 879 673 931 τῆς
701 875 814 933 ἑῴων
839 880 1016 931 περαίας
1043 877 1229 921 κάτωθεν
1270 877 1407 936 ὀλίγον
1433 899 1472 924 τι
1497 887 1574 926 τοῦ
1601 887 1782 931 διπλοιῗι

307 943 441 990 κίονος
468 945 541 983 καί
566 944 692 996 μέχρι
722 945 794 998 τῆς
823 945 1041 998 ἐκκλησίας
1068 946 1143 986 τοῦ
1182 944 1302 1000 ἁγίου
1334 951 1655 993 Κωνσταντίνου
1685 954 1752 1006 ἔγ-

309 1007 384 1062 γιὶς
417 1007 488 1063 τῆν
532 1006 678 1050 στάσιν
708 1007 813 1062 μετα
846 1008 1037 1064 ἀγκύρων
1075 1013 1287 1066 ἐποίησαν.
1343 1016 1396 1071 τῇ
1422 1017 1468 1057 δὲ
1497 1018 1645 1075 δεκάτῃ
1677 1019 1753 1060 τοῦ

309 1076 444 1116 αυ’τοῦ
473 1074 713 1129 ἀριθμήσας
753 1073 821 1116 τὸν
858 1074 1004 1118 στόλον
1047 1078 1117 1119 καὶ
1153 1080 1228 1119 τοῦ
1263 1081 1335 1133 τῆς
1377 1082 1533 1135 χέρσου
1561 1085 1753 1138 στρατοῦ,

306 1139 466 1184 ἱππέων
492 1157 537 1182 τε
564 1140 637 1182 καί
679 1142 868 1194 πεζικῶν,
901 1144 974 1184 καί
999 1137 1096 1197 εὗρε
1130 1142 1314 1198 τριήρεις
1341 1146 1414 1188 καί
1440 1148 1596 1204 διήρεις
1623 1148 1756 1205 μονή-

307 1223 394 1262 ρεις
417 1204 636 1262 δρόμωνας
655 1209 754 1261 νῆας
774 1209 847 1248 καί
873 1211 1011 1261 πλοῖα,
1042 1207 1170 1250 εἴκοσι
1193 1212 1265 1252 καί
1291 1211 1542 1267 τετρακόσια
1563 1214 1675 1257 ἱστία
1692 1233 1702 1243 ·
1731 1214 1753 1256 ὅ
1773 1235 1784 1261 1

307 1274 355 1314 δὲ
385 1271 560 1327 στρατὸς
591 1270 611 1313 ὅ
641 1275 777 1315 θέλων
809 1275 1027 1328 μάχεσθαι
1057 1276 1102 1316 ἐκ
1122 1278 1197 1330 τῆς
1218 1279 1377 1332 χέρσου
1401 1280 1593 1332 χιλιάδες
1619 1278 1756 1336 ’ὑπῆρ-

305 1355 383 1394 χον
400 1337 506 1380 ὀκτώ
524 1342 596 1380 καί
613 1337 861 1394 πεντήκοντα
877 1343 950 1381 καί
966 1341 1193 1383 διακόσιαι.
1227 1342 1265 1385 οἱ
1286 1345 1331 1385 δὲ
1356 1344 1456 1396 πρὸς
1473 1340 1758 1402 ἀντιπαράτα-

307 1410 370 1457 ξιν
393 1400 539 1460 ἄνδρες
570 1400 686 1454 ὄντες
729 1404 845 1447 ἔνδον
873 1409 944 1462 τῆς
975 1405 1134 1456 πόλεως
1171 1410 1243 1463 τῆς
1271 1409 1471 1465 τοσαύτης
1499 1414 1558 1461 εἰς
1582 1415 1759 1466 μέγεθος

309 1468 416 1527 ἦσαν
445 1471 636 1526 χιλιάδες
667 1473 869 1527 τέσσαρες
898 1472 970 1514 καί
996 1480 1109 1529 τρεῖς
1136 1476 1209 1516 καί
1229 1473 1515 1530 ἑβδομήκοντα
1542 1481 1614 1520 καί
1639 1482 1757 1521 έννα·

309 1540 458 1589 κόσιοι,
500 1533 603 1580 ἄνευ
638 1541 721 1580 τῶν
749 1541 873 1589 ξένων
913 1539 1032 1591 μόλις
1074 1535 1206 1582 ὄντων
1240 1541 1445 1594 χιλιάδων
1486 1544 1575 1587 δύο.
1630 1539 1785 1599 ἕγνωνς

309 1604 387 1660 γὰρ
427 1603 505 1659 ἐγώ
549 1607 669 1646 τοῦτο
706 1603 839 1653 οὕτως
869 1603 983 1659 ἔχειν
1019 1604 1101 1647 α’πὸ
1134 1606 1271 1655 αἰτίας
1305 1606 1514 1662 τοιαύτης.
1571 1612 1648 1651 τοῦ
1673 1608 1755 1665 γὰρ

309 1674 516 1724 βασιλέως
551 1672 853 1725 προστάξαντος
890 1677 975 1720 τοῖς
1005 1672 1238 1727 δημάρχοις
1267 1676 1340 1714 καί
1367 1681 1610 1730 στρατηγοῖς
1635 1673 1757 1730 ἔγρα-

405 1778 437 1810 3.
467 1777 604 1823 διήρεις
625 1797 669 1802 -
693 1774 786 1812 ὀκτώ
813 1789 870 1811 om
885 1779 909 1811 P
1065 1777 1153 1825 ἄχρι
1177 1779 1252 1814 τῶν
1275 1781 1317 1822 ιη’
1347 1781 1476 1817 ἱστίων
1503 1779 1564 1816 ὑπ.
1589 1782 1615 1814 P
1722 1795 1756 1829 7.

405 1843 449 1886 ἃς
475 1846 577 1892 εἶχον
601 1847 909 1894 πεφορτισμένας
934 1848 956 1880 Ρ
1078 1859 1128 1880 ιο.
1154 1848 1308 1884 ἐλθόντα
1327 1850 1352 1882 Ρ
1474 1860 1524 1883 12.
1552 1842 1613 1892 ιςη
1636 1850 1662 1883 Ρ

260 1985 269 1991 ,
308 1966 421 2005 ponto
445 1959 596 2000 Euxino,
621 1959 831 1992 Nicomedia
859 1965 895 1993 et
916 1960 1010 2002 Asia,
1035 1961 1179 1994 navium
1211 1967 1450 1996 trecentarum
1474 1967 1513 1996 et
1537 1963 1663 2008 viginti
1689 1962 1754 1997 ad-

310 2012 374 2047 est,
404 2018 422 2039 e
454 2005 586 2052 quibus
616 2012 718 2040 erant
742 2007 904 2040 triremes
944 2008 1151 2049 octodecim,
1179 2008 1331 2042 biremes
1359 2009 1755 2056 duodequinquaginta,

310 2054 471 2099 reliquae
497 2065 604 2087 naves
631 2053 757 2098 longae
784 2060 820 2086 et
845 2056 1044 2095 onerariae,
1083 2055 1211 2100 quibus
1237 2067 1383 2099 magnus
1410 2067 1577 2090 numerus
1600 2058 1755 2091 militum

309 2107 347 2134 et
370 2101 632 2145 sagittariorum
669 2100 878 2134 vehebatur.
918 2102 1197 2136 numerabantur
1235 2104 1273 2136 in
1297 2103 1351 2136 his
1388 2102 1576 2136 dromones
1599 2105 1754 2138 onerarii

308 2148 470 2193 quinque
498 2153 534 2180 et
556 2148 696 2192 viginti,
721 2147 839 2192 lignis,
864 2149 972 2190 calce,
1004 2150 1094 2182 saxis
1115 2150 1269 2195 aliisque
1294 2150 1399 2182 rebus
1416 2150 1462 2183 ad
1479 2151 1755 2196 oppugnandam

309 2195 436 2228 urbem
470 2194 608 2228 idoneis
631 2194 763 2228 onusti.
801 2205 924 2228 verum
954 2207 1028 2228 non
1060 2197 1201 2230 facilem
1226 2196 1430 2230 habuerunt
1465 2198 1602 2231 aditum
1632 2204 1755 2243 portus

308 2247 458 2287 propter
482 2253 633 2283 causam,
661 2253 767 2287 quam
789 2241 877 2275 dixi.
904 2253 947 2275 ex
973 2244 1113 2277 oriente
1136 2243 1305 2278 advectae
1330 2244 1439 2289 paulo
1468 2245 1560 2278 infra
1577 2244 1756 2290 duplicem

310 2290 514 2322 columnam
544 2299 657 2334 usque
693 2300 807 2334 prope
844 2288 889 2321 ad
914 2290 1100 2323 ecclesiam
1133 2291 1246 2324 sancti
1284 2291 1514 2324 Constantini
1554 2292 1592 2324 in
1617 2293 1755 2325 ancoris

312 2337 503 2369 stationem
530 2335 727 2370 habebant.
765 2336 823 2369 die
848 2337 980 2369 mensis
1013 2337 1149 2371 decimo
1181 2340 1358 2372 recensita
1395 2339 1504 2371 classe
1533 2344 1569 2372 et
1597 2339 1755 2372 exercitu

310 2389 386 2416 tum
416 2383 575 2428 equestri
599 2389 675 2417 tum
700 2382 873 2428 pedestri,
899 2384 1038 2417 invenit
1052 2386 1212 2419 triremes
1229 2410 1238 2426 ‚
1263 2385 1428 2427 biremes,
1453 2386 1644 2426 unii-emes,
1669 2385 1756 2419 dro-

309 2441 446 2470 mones,
479 2441 585 2463 naves
610 2436 647 2463 et
670 2431 849 2463 naviculas
884 2431 1011 2474 viginti
1044 2438 1079 2464 et
1116 2432 1414 2478 quadringentas;
1450 2433 1602 2465 rnilitum
1637 2437 1756 2467 autem

309 2482 404 2510 terra
426 2477 597 2511 dimicare
629 2478 855 2522 gestientium
895 2477 1049 2511 ducenta
1084 2479 1388 2524 duodesexaginta
1425 2479 1540 2512 millia
1566 2485 1677 2512 erant.
1709 2478 1755 2512 ad

310 2523 436 2557 horum
469 2525 624 2570 impetus
657 2524 886 2558 sustinendos
919 2526 980 2569 qui
1021 2532 1123 2560 erant
1147 2527 1185 2559 in
1223 2532 1343 2559 tantae
1368 2525 1625 2570 magnitudinis
1646 2525 1755 2567 urbe,

309 2571 591 2604 numerabantur
615 2577 743 2617 quater
769 2572 869 2604 mille
899 2573 1073 2616 nongenti
1114 2574 1339 2618 septuaginta
1361 2579 1444 2613 tres,
1470 2578 1612 2618 praeter
1636 2578 1757 2607 extra-

310 2629 396 2650 neos
413 2643 422 2658 ‚
458 2630 611 2664 quorum
646 2619 705 2653 vix
729 2618 800 2651 duo
825 2618 937 2651 millia
964 2625 1076 2651 erant.
1119 2621 1268 2664 cognovi
1296 2620 1389 2653 enim
1417 2619 1485 2653 hoc
1513 2620 1563 2652 ita
1587 2630 1663 2652 esse
1687 2619 1756 2653 hac

311 2665 461 2697 ratione.
488 2665 637 2699 iubente
673 2666 909 2710 imperatore,
940 2666 1071 2710 singuli
1096 2673 1278 2711 praetores
1316 2673 1353 2701 et
1380 2666 1488 2700 duces
1511 2672 1674 2699 accurate
1699 2677 1756 2699 re-

310 2711 542 2752 nuntiarunt,
571 2712 790 2756 exipsorum
815 2712 1017 2746 demarchia
1054 2713 1115 2758 qui
1141 2719 1288 2757 possent
1313 2714 1475 2746 militiam
1502 2713 1656 2746 tolerare
1681 2719 1754 2746 tum

312 2757 394 2792 laici
422 2763 496 2791 tum
523 2758 699 2801 monachi,
725 2765 762 2794 et
789 2770 881 2805 quae
917 2761 1068 2806 quisque
1095 2770 1190 2794 arma
1222 2760 1266 2794 ad
1291 2762 1360 2796 vim
1388 2760 1665 2806 propulsandam
1690 2759 1755 2792 ha-
