1806 3190
346 165 374 198 2
383 163 416 197 Ο
425 164 451 197 2
753 157 978 201 GEORGH
1017 154 1264 195 PHRANTZ
1270 153 1335 194 ΑΕ

341 260 412 300 δεῖ·
432 257 542 312 ἔχειν
567 258 637 299 τὸν
662 254 801 309 κριτήν
829 254 901 295 τόν
921 256 1109 309 κρίνοντα
1142 249 1243 292 λαόν
1260 250 1406 304 κυρίου
1427 250 1499 293 καί
1524 249 1766 307 ὁμοφύλους

340 321 642 378 Χριστιανούς,
675 322 813 363 πίστιν
849 318 983 374 ὀρθήν
1025 319 1082 365 εἰς
1125 315 1226 358 θεὸν
1251 317 1326 357 καί
1362 317 1421 365 εἰς
1459 316 1532 358 τόν
1554 321 1767 372 προχειρί-

341 391 462 440 ζοντα
493 390 607 445 αὐτῷ
633 385 676 428 τό
709 387 871 436 α’ξίωμα
889 417 900 436 ,
929 384 1000 424 καί
1026 380 1225 436 ἀλήθειαν
1253 378 1332 423 άπὸ
1363 385 1437 435 τῆς
1464 381 1668 438 γλώττης,
1695 383 1768 425 κατ’

339 454 612 509 σωφροσύνην
637 451 717 494 ἀπὸ
747 453 819 493 τοῦ
847 447 1037 501 σώματος
1058 466 1067 476 ·
1124 447 1197 489 καί
1231 450 1363 489 ταῦτα
1390 447 1527 491 πάντα
1554 451 1689 498 καλῶς
1717 465 1765 491 σε

340 518 431 562 οἰδα
463 518 685 574 φυλάττειν
725 518 771 559 ἐκ
798 514 985 569 νεότητός
1023 530 1114 557 σου.
1183 514 1255 555 καί
1282 515 1327 555 ἐν
1358 520 1450 563 ταῖς
1479 516 1802 566 α’ποστολικαῖς5

339 582 569 635 διατάξεσιν
586 581 716 632 οὕτως
735 582 861 639 φησίν
883 580 894 595 ‘
909 579 1015 623 ἔστω
1037 581 1058 621 ὃ
1086 579 1227 635 κριτής
1245 577 1634 636 άπροσωπόληπτος,
1661 579 1765 636 μήτε

336 650 533 692 πλούσιον
564 650 854 703 ἐντρεπόμενος
879 644 904 702 ἢ
927 645 1159 688 κολακεύων
1187 648 1301 701 παρά
1331 645 1378 687 τό
1409 648 1635 701 προσῆκον,
1663 647 1767 701 μήτε

335 714 518 770 πενήτων
547 716 816 771 φειδόμενος·
847 715 899 755 ου’
926 713 1038 770 λήψῃ
1061 711 1140 766 γάρ
1164 728 1268 768 φησι
1294 712 1525 766 πρόσωπον
1543 710 1766 765 δυνάστου,

335 784 407 822 καί
430 784 584 835 πένητα
618 781 690 822 οὐκ
732 779 901 837 ἐλεήσῃς
938 781 982 821 ἐν
1016 779 1173 833 κρίσει,
1216 776 1277 820 ὅτι
1321 780 1398 820 τοῦ
1424 779 1530 819 θεοῦ
1555 775 1581 833 ἦ
1614 779 1763 832 κρίσις.

337 849 494 895 δίκαιος
524 846 569 888 τό
603 849 760 889 δίκαιον
786 848 1005 897 διώξεται,
1035 843 1107 886 καὶ
1138 845 1212 885 οὐκ
1239 846 1385 898 α’ρέσει
1411 845 1469 901 τῷ
1499 843 1645 901 δικαίῳ
1675 838 1766 884 ἄδι·-
1784 859 1797 886 ι

335 914 403 954 κόν
429 914 569 954 ποτε.”
639 910 928 966 προσκυνήσας
968 906 1042 952 οὖν
1070 910 1148 964 ἐγώ
1178 907 1309 952 αὐτὸν
1336 909 1410 951 καί
1435 907 1764 964 εὐχαριστήσας,

336 975 521 1034 ἀπῆλθεν
549 980 608 1028 εἰς
635 979 707 1021 τὸν
730 977 899 1030 Ἰσθμὸν
928 980 978 1032 τῇ
1006 976 1063 1031 κη’
1094 977 1170 1018 τοῦ
1199 973 1332 1017 αὐτοῦ
1359 974 1657 1028 Σεπτεμβρίου.

450 1048 515 1102 Τῷ
553 1047 598 1087 δὲ
625 1043 852 1100 Ὀκτωβρύιυ
897 1044 998 1097 μηνί
1040 1044 1114 1084 τοῦ
1151 1042 1282 1084 αὐτοῦ
1321 1040 1440 1090 ἔτους
1475 1043 1649 1095 ἐξῆλθεν
1683 1039 1767 1083 οἷπό

334 1114 404 1166 τῆς
429 1114 468 1153 Γ
468 1112 686 1165 λαρέντζας
714 1110 739 1165 ἦ
770 1112 894 1165 κυρία
922 1107 1074 1163 Ἑλένη,
1103 1105 1293 1162 θυγάτηρ
1325 1109 1399 1148 τοῦ
1426 1106 1504 1161 κυρ
1527 1107 1662 1159 Θωμᾶ
1692 1108 1770 1149 τοῦ

337 1175 552 1230 δεσπότου,
581 1177 647 1218 ἵνα
680 1177 840 1233 ἀπέλθῃ
870 1177 928 1225 εἰς
955 1174 1029 1229 τήν
1056 1177 1238 1229 Σερβιάν,
1262 1172 1334 1215 καί
1346 1174 1551 1228 Λάζαρον
1575 1172 1649 1216 τὸν
1675 1170 1800 1218 υἱὸνι

335 1244 414 1298 κύρ
444 1245 483 1285 Γ
481 1244 654 1298 εωργιίω
686 1242 886 1284 δεσπότου
914 1237 1048 1296 ἄνδρα
1075 1239 1197 1297 λάβῃ,
1230 1236 1328 1293 ὅπερ
1357 1237 1431 1281 καί
1458 1241 1640 1294 ἐγένετο·
1696 1239 1772 1281 καί

336 1311 405 1352 διὰ
439 1311 562 1351 τοῦτο
591 1309 664 1350 καί
689 1307 889 1361 δεσπότην
916 1305 989 1347 καί
1017 1305 1148 1347 αὐτὸν
1187 1304 1238 1359 δὴ
1267 1303 1340 1346 τόν
1366 1304 1569 1358 Λάζαρον
1598 1303 1620 1346 ὅ
1647 1307 1769 1358 βασι-

334 1374 430 1424 λευς
456 1373 532 1430 κὺρ
563 1371 749 1428 Ἰωάννης
777 1372 910 1414 ἕνεκεν
932 1373 1007 1413 τοῦ
1041 1372 1398 1427 φιλανθρωπηνοῦ
1425 1371 1466 1412 Γ
1464 1368 1639 1423 εωργιόυ
1667 1373 1769 1412 τετί-

334 1457 455 1496 μηκε.
512 1443 562 1497 τῇ
589 1443 634 1482 δὲ
662 1438 718 1491 κζ’
747 1441 819 1481 τοῦ
847 1439 1088 1492 Νοεμβριόυ
1118 1435 1244 1492 μηνὸς
1282 1438 1360 1477 τοῦ
1389 1436 1517 1478 αὐτοῦ
1547 1434 1667 1485 ἔτους
1693 1431 1768 1491 ἧλ-

334 1512 410 1549 &ev
437 1507 459 1549 ὅ
497 1504 661 1561 α’,ιιηρᾶς
705 1504 810 1547 κατά
848 1507 923 1546 τοῦ
969 1505 1139 1555 Ἰσθμοῦ
1178 1499 1268 1558 ἦτοι
1289 1503 1550 1555 Ἑξαμιλίου·
1617 1504 1692 1544 καί
1718 1502 1802 1559 *1251'2

337 1576 482 1631 δεκάτῃ
511 1575 586 1615 τοῦ
600 1571 857 1627 Δεκεμβρίου
886 1569 1010 1626 μηνὸς
1042 1572 1276 1626 παρέλαβεν
1297 1567 1424 1621 αὐτὸν
1446 1567 1519 1610 καί
1547 1566 1767 1624 ἐπόρθησε.

429 1710 463 1743 9.
490 1695 510 1741 ἧ
536 1698 655 1743 κρίσις
672 1696 796 1730 δικαία
826 1690 883 1731 διὸ
911 1693 949 1735 ὃς
974 1690 1014 1730 τὸ
1043 1695 1188 1731 δίκαιον
1219 1694 1244 1727 Ρ
1344 1704 1395 1727 10.
1425 1692 1550 1732 ἄδικος
1575 1693 1612 1733 Ρ,
1636 1693 1768 1726 omisso

428 1777 518 1802 ποτε
649 1777 698 1799 12.
721 1761 786 1807 κςη
821 1768 1064 1811 σεπτεμβρίου
1098 1764 1162 1798 τοῦ
1187 1762 1299 1798 αὐτοῦ
1323 1763 1426 1801 ἔτους
1447 1762 1472 1795 Ρ
1487 1788 1497 1803 ,
1522 1763 1585 1808 qui
1608 1773 1628 1794 a
1653 1760 1770 1796 verbis

432 1813 603 1858 proximis
626 1813 756 1858 incipit
784 1817 890 1857 caput
914 1823 969 1844 21.
1071 1813 1120 1845 18.
1150 1810 1422 1858 φιλανθρώπου
1448 1810 1487 1842 Μ

339 1929 439 1966 cant,
463 1929 505 1958 ut
529 1925 742 1958 condemnes
777 1927 880 1958 etiam
921 1927 1090 1958 insontes.
1133 1929 1319 1969 praeterea
1349 1923 1404 1956 his
1440 1921 1555 1955 tribus
1579 1919 1772 1955 virtutibus
1805 1912 1806 1953 i

340 1972 539 2017 praeditum
565 1983 640 2005 esse
664 1978 823 2017 oportet,
849 1973 909 2017 qui
950 1972 994 2005 de
1021 1973 1154 2017 populo
1183 1971 1318 2004 domini
1343 1976 1379 2003 et
1405 1968 1574 2002 fratribus
1597 1967 1772 2001 Christia-

341 2020 396 2052 nis
422 2020 476 2051 ius
503 2018 609 2052 dicit:
635 2019 705 2052 fide
732 2025 824 2052 recta
850 2031 929 2063 erga
948 2019 1052 2052 deum
1078 2025 1113 2052 et
1137 2030 1217 2064 erga
1232 2029 1325 2058 eum,
1344 2028 1364 2049 a
1386 2027 1458 2062 quo
1487 2015 1695 2059 dignitatem
1719 2018 1774 2048 est

342 2072 574 2099 consecutus:
600 2067 749 2099 veritate
775 2066 859 2107 oris,
887 2072 922 2099 et
945 2067 1178 2111 temperantia
1207 2065 1382 2106 corporis:
1409 2073 1500 2109 quae
1525 2062 1644 2095 omnia
1669 2071 1776 2107 prae-

342 2114 436 2146 clare
461 2118 498 2146 te
521 2111 605 2145 inde
630 2113 674 2145 ab
708 2113 950 2146 adolescentia
975 2124 1110 2147 servare
1148 2113 1243 2147 novi.
1267 2111 1362 2144 idem
1388 2111 1426 2143 in
1449 2109 1664 2154 Apostolicis
1687 2119 1775 2141 con-

342 2159 590 2193 stitutionibus
626 2160 676 2192 ita
710 2159 815 2193 dicit:
853 2159 1004 2193 ‘habeto
1043 2160 1150 2193 iudex
1172 2169 1405 2205 personarum
1429 2156 1565 2189 nullam
1588 2156 1776 2196 rationem,

342 2218 430 2239 neve
448 2212 513 2239 aut
530 2206 633 2239 diviti
648 2205 832 2251 indulgeat
846 2206 1134 2252 blandiaturque,
1149 2213 1211 2240 aut
1233 2210 1355 2251 parcat
1379 2204 1541 2249 pauperi.
1565 2213 1640 2236 non
1661 2202 1776 2246 respi-

343 2254 414 2286 cies
437 2253 540 2294 enim,
565 2254 696 2298 inquit,
721 2265 903 2298 personam
922 2255 1088 2298 potentis,
1113 2266 1180 2287 nec
1202 2264 1401 2299 pauperum
1422 2249 1660 2290 misereberis,
1684 2260 1776 2295 quo-

343 2301 439 2332 niam
473 2305 527 2333 est
559 2300 730 2333 iudicium
757 2300 828 2334 dei.
873 2301 984 2334 iustus
1021 2307 1189 2346 sequetur
1216 2300 1409 2340 iustitiam,
1433 2309 1500 2331 nee
1535 2295 1776 2343 placebit-illi

345 2356 499 2392 uuquam
533 2345 742 2380 iniustitia.”
777 2346 908 2380 deinde
941 2359 1049 2392 quum
1084 2349 1260 2381 osculatus
1288 2358 1368 2380 eum
1403 2356 1516 2379 essem
1554 2344 1776 2389 egissemque

345 2393 486 2437 gratias,
511 2393 569 2427 die
594 2393 751 2427 eiusdem
780 2393 998 2438 Septembris
1036 2396 1078 2428 28
1099 2396 1137 2428 in
1162 2394 1337 2428 Isthmum
1363 2392 1463 2426 abiit.

474 2441 595 2473 Mense
621 2447 740 2474 autem
766 2440 911 2474 Octobri
939 2441 1095 2474 eiusdem
1124 2443 1208 2475 anni
1234 2441 1423 2474 Glarentza
1450 2437 1612 2472 discessit
1638 2435 1777 2469 Helena

346 2486 499 2527 domina,
525 2486 686 2520 Thomae
711 2487 882 2532 despotae
906 2488 997 2528 filia,
1023 2494 1064 2522 ut
1094 2490 1130 2521 in
1158 2489 1313 2522 Sei-viam
1337 2486 1622 2533 proficisceretur
1652 2487 1689 2516 et
1712 2482 1779 2515 La-

346 2544 438 2574 zaro,
461 2534 536 2566 filio
562 2534 706 2579 Georgii
734 2534 925 2579 despotae‚
960 2534 1130 2575 nuberet,
1157 2541 1197 2569 ut
1224 2536 1330 2568 etiam
1355 2533 1488 2578 nupsit.
1514 2541 1624 2577 qnare
1652 2535 1689 2563 et
1713 2528 1777 2562 de-

348 2585 483 2623 spotam
508 2587 544 2614 et
567 2582 679 2626 ipsum
706 2581 872 2614 Lazarum
899 2581 1091 2626 imperator
1111 2581 1289 2615 lohannes
1313 2586 1458 2626 propter
1471 2578 1663 2622 Georgium
1679 2575 1777 2608 Phil-

347 2626 606 2671 anthropenum
630 2628 828 2661 honoravit.
852 2627 1018 2662 vicesimo
1050 2630 1201 2674 septimo
1226 2629 1284 2662 die
1309 2628 1438 2662 mensis
1452 2624 1659 2660 Novembris
1682 2624 1779 2656 eius-

350 2671 429 2705 dem
456 2675 538 2707 anni
563 2686 696 2708 ameras
713 2675 883 2709 Isthmum
909 2676 981 2708 sive
995 2676 1229 2708 Hexamilium
1257 2679 1500 2721 oppugnatum
1529 2671 1640 2712 venit,
1665 2669 1779 2715 cepit—

349 2729 419 2764 que
443 2730 521 2754 eum
551 2721 756 2769 delevitque
775 2721 911 2757 decimo
925 2721 1138 2757 Decembris.
1169 2722 1300 2757 deinde
1326 2723 1462 2757 Patram
1482 2719 1675 2766 profectus,
1699 2727 1777 2750 eam
