1806 3190
295 147 408 215 424
713 163 939 205 GEORGn
980 161 1297 203 PHRANTZAE

407 267 474 306 22.
534 262 707 304 ,Μαθὼν
737 259 811 302 οὖν
842 258 863 300 ὅ
884 258 1026 308 πάπας
1052 259 1126 314 τὴν
1155 258 1315 300 ἔλευσιν
1340 259 1421 299 τῶν
1449 256 1731 311 ἇρχοντοπού·

294 336 377 373 λων
409 331 467 378 εἰς
495 330 676 381 Ἀγκῶνα
702 328 959 375 ἐξαπέστειλε
990 324 1061 366 διὰ
1091 325 1327 376 ἐπιμελείας
1354 324 1426 364 καί
1451 323 1631 376 σπουδῆς
1659 323 1731 363 καὶ

293 397 493 450 βοηθείας
536 394 610 433 τοῦ
650 388 978 443 αἰδεσιμωτάτου
1028 387 1308 445 καρδινάλεως
1356 391 1429 430 καί
1466 387 1728 443 πατριάρχου

297 455 780 504 Κωνσταντινουπόλεως
800 458 1114 510 Βησσαρίωνος,
1141 458 1212 496 καί
1227 457 1497 508 παρεγένοντο
1517 451 1729 510 ἐνῬώμῃ,

295 528 367 566 καί
397 523 473 577 τὴν
514 525 748 574 οἰκονομίαν
789 520 838 576 ἢν
865 522 887 562 ὁ
927 521 1061 576 πατὴρ
1100 521 1238 562 αὐτῶν
1266 517 1352 574 εἶχε
1383 520 1558 562 δέδωκεν
1586 518 1728 567 αὐτοῖς
1741 519 1769 561 5

294 591 394 646 πρὸς
424 591 471 632 τὸ
502 592 596 644 ζῆν,
629 588 700 629 καί
723 586 793 630 τὸν
820 591 979 642 πρῶτον
995 587 1088 630 υἱὸν
1110 587 1182 630 τὸν
1208 586 1287 642 κύρ
1313 588 1510 639 Ἀνδρέαν
1539 584 1610 627 τὸν
1628 589 1729 628 Πα-
1767 647 1769 650 ι

262 653 512 710 ”λαιολο’γον
558 651 759 709 δεσπότην
803 654 824 695 ὄ
855 655 993 703 πάπας
1039 653 1240 708 τετιμηκε.
1306 654 1363 709 τῷ
1402 654 1448 694 δὲ
1481 651 1611 709 .ςῇοδ
1645 649 1729 693 ἔτει

293 723 537 774 Ὀκτωβρίου
569 716 613 761 ιε’
633 719 706 761 καί
732 719 753 760 ὖ
773 717 1050 773 πνευματικὸς
1070 717 1206 773 πατὴρ
1228 718 1346 773 ἡμῶν
1362 719 1435 759 καί
1449 715 1632 773 ἀδελφὸς
1659 718 1733 758 καί

295 789 416 842 φίλος
443 782 612 839 ἄριστος
640 785 662 826 o‘
680 785 905 839 Δωρόθεος
933 787 976 827 ἐν
1005 787 1134 841 κυρίῳ
1156 782 1418 839 ἑξεδὴμησεν,
1444 783 1554 839 ἡμᾶς
1583 785 1628 825 δὲ
1657 800 1731 825 κα·

294 854 433 893 τέλιπε
465 849 541 905 τὴν
567 850 723 892 ἐκείνου
753 854 1039 903 λυπουμένους
1066 853 1276 904 στέρησιν.
1347 849 1458 904 κάγώ
1487 852 1524 891 δ’
1551 850 1730 902 α’ναγκα-
1749 862 1792 893 ια

294 919 412 966 σθείς
441 916 523 958 ὑπὸ
552 919 623 971 τῆς
652 918 824 969 ἐνδείας,
849 916 1076 972 Ἀπριλλίῳ
1103 914 1154 970 ιη’
1184 914 1362 967 ἐξελθών
1384 917 1642 969 παραγέγονα
1673 917 1733 962 εἰς

294 984 477 1036 Ἀγκῶνα
504 983 552 1039 τῇ
586 984 633 1033 ιζ’
663 983 838 1024 Μαΐου·
907 981 978 1022 καί
1011 984 1064 1037 τῇ
1090 982 1231 1038 πρώτῃ
1269 981 1396 1023 πάλιν
1422 982 1591 1025 Ἰουνίου
1622 981 1733 1031 ἐξελ-

295 1047 445 1097 θόντος
470 1063 552 1100 μου
584 1048 775 1103 ἀπῆλθον
803 1046 873 1088 διὰ
895 1049 966 1100 τῆς
994 1046 1094 1087 ὁδοῦ
1127 1050 1202 1087 τοῦ
1233 1047 1457 1100 Βιτέλμου,
1485 1047 1577 1088 ἐπεῖ
1602 1048 1734 1088 ἐκεῖσε

298 1116 357 1163 εἷς
385 1113 436 1155 τὰ
468 1114 606 1167 θερμὰ
637 1109 688 1168 ἦν
717 1113 739 1153 ὅ
767 1111 1008 1167 καρδινάλις
1037 1111 1114 1167 κύρ
1141 1114 1395 1167 Βησσαρίων
1423 1115 1495 1153 καί
1524 1110 1732 1166 πατριάρ-

260 1190 375 1233 Βχης
405 1176 884 1228 Κωνσταντινουπὸλεως
909 1180 962 1235 τῇ
990 1180 1156 1231 κλήσει,
1193 1177 1249 1226 ὥς
1277 1177 1524 1232 ἠκούσαμεν.
1583 1176 1656 1219 καί
1682 1178 1733 1218 δι’
1754 1174 1798 1219 15

297 1245 465 1299 ἡμερῶν
499 1245 614 1286 ἐννέα
643 1241 894 1299 ἐφθάσαμεν
924 1245 984 1293 εἰς
1005 1242 1180 1298 Ῥώμην,
1212 1244 1284 1285 καί
1301 1243 1584 1296 κατελύσαμεν
1608 1245 1652 1285 ἐν
1678 1246 1737 1302 τῷ

297 1308 395 1366 οἴκῳ
423 1312 506 1350 τῶν
534 1309 751 1350 αὐθεντῶν
784 1310 915 1363 ἡμῶν.
980 1309 1074 1351 τότε
1105 1311 1176 1351 καί
1203 1309 1226 1349 ὅ
1256 1307 1570 1365 μακαριώτατος
1596 1308 1739 1358 ndum,-

298 1374 369 1416 δια
401 1377 476 1416 τοῦ
508 1372 839 1427 αἰδεσιμωτάτου
869 1374 1146 1429 καρδινοίλεως
1169 1374 1246 1430 κὺρ
1273 1376 1566 1429 Βησσαρίωνος
1594 1375 1738 1425 ἑξαπέ-

299 1445 434 1482 στειλε
473 1439 578 1495 πρὸς
616 1440 767 1482 τούσδε
816 1438 915 1491 τους
957 1439 1175 1493 δεσπότας,
1204 1439 1280 1494 κύρ
1307 1440 1508 1494 Ἀνδρέαν
1538 1442 1641 1495 λέγω
1669 1439 1739 1483 τὸν

300 1504 503 1560 δεσπότην
527 1507 601 1547 καί
631 1504 707 1561 κὺρ
741 1505 955 1559 Μανουὴλ
996 1505 1069 1547 τὸν
1109 1506 1471 1560 αὕθεντόπουλον,
1499 1508 1549 1548 ἵν’
1580 1508 1639 1555 εἰς
1665 1523 1737 1560 γυ-
1752 1516 1806 1569 aq

301 1578 424 1614 ναΐκα
451 1569 618 1612 δώσωσι
635 1570 711 1626 τὴν
740 1572 880 1613 αὐτῶν
899 1569 1085 1627 α’δελφήν
1102 1588 1181 1613 τινι
1210 1569 1380 1625 ἄρχοντι
1409 1574 1454 1613 ἐκ
1482 1574 1625 1626 γένους
1641 1575 1741 1613 Πα-
1798 1579 1800 1582 “

303 1634 483 1692 ρακιόλῳ
511 1636 672 1694 πλούτῳ
690 1653 732 1678 τε
749 1639 820 1678 καί
844 1640 952 1691 γένει
978 1638 1052 1679 καί
1075 1637 1336 1693 λαμπρότητι
1359 1640 1641 1693 διαπρέποντι.
1670 1638 1743 1679 καὶ

302 1705 375 1756 τῆς
406 1703 654 1758 συμφωνίας
680 1701 940 1758 γενομένηςῆ
973 1706 1055 1745 τῶν
1074 1702 1294 1759 μνηστρων
1324 1702 1529 1758 ἱερολογία
1555 1702 1634 1745 ὑπὸ
1665 1704 1742 1744 τοῦ

305 1763 434 1824 ἄκρου
477 1769 708 1824 α’ρχιερέως
755 1771 1006 1824 διετελέσθη.
1064 1769 1184 1823 ἡμεῖς
1221 1765 1295 1811 οὖν
1321 1768 1359 1811 οὶ
1387 1771 1459 1824 τῆς
1486 1770 1651 1826 νύμφης
1681 1770 1740 1811 οἰ·

403 1883 454 1906 ιο.
479 1871 676 1920 ὑστέρησιν
699 1873 725 1907 Ρ
845 1876 896 1909 ι3.
921 1872 1098 1922 βιτάλμου
1125 1875 1150 1908 Ρ

397 1978 456 2002 22.
502 1970 593 2014 Papa
618 1970 737 2014 igitur,
766 1975 806 2004 ut
827 1972 1007 2016 principes
1032 1972 1212 2005 Anconam
1236 1972 1375 2006 delatos
1413 1971 1562 2011 audivit,
1587 1970 1742 2014 diligen-

306 2016 375 2056 tia,
409 2015 530 2049 studio
569 2022 605 2049 et
629 2029 696 2062 ope
723 2017 1005 2051 reverendissimi
1039 2019 1228 2052 cardinalis
1258 2019 1496 2059 Bessarionis,
1521 2017 1743 2062 patriarchae

309 2062 504 2106 cpolitani,
529 2064 674 2103 curavit,
689 2065 832 2097 Romam
858 2070 898 2098 ut
910 2066 1083 2107 venirent,
1106 2066 1276 2111 deditque
1299 2067 1353 2106 iis,
1371 2065 1468 2111 quod
1494 2070 1597 2110 pater
1621 2075 1743 2097 eorum
1798 2063 1806 2103 'j

307 2107 354 2141 ad
379 2110 486 2143 vitam
513 2111 780 2143 sustentandam
795 2111 978 2153 habuerat,
1003 2113 1230 2158 stipendium,
1255 2125 1295 2146 ac
1310 2113 1421 2145 filium
1434 2118 1519 2145 natu
1543 2111 1744 2152 maximum,
1798 2122 1806 2163 g

308 2155 488 2189 Andream
510 2157 779 2201 Palaeologum,
814 2158 983 2203 despotae
1019 2159 1191 2204 dignitate
1227 2160 1336 2192 auxit.
1388 2170 1482 2192 anno
1506 2159 1612 2202 6974,
1637 2159 1745 2191 Octo-
1796 2158 1806 2198 ἶ

309 2201 385 2236 bris
411 2202 470 2236 die
504 2206 562 2244 15,
587 2204 695 2237 etiam
719 2205 914 2249 spiritualis
949 2212 1050 2250 pater
1076 2212 1200 2240 noster
1232 2212 1268 2240 et
1291 2207 1400 2239 frater
1425 2211 1461 2239 et
1486 2206 1617 2238 amicus
1645 2205 1747 2249 opti·
1797 2192 1806 2272 ἰ

310 2260 414 2290 mus,
435 2249 650 2291 Dorotheus,
674 2251 711 2283 in
736 2251 880 2285 domino
908 2263 951 2285 ex
974 2252 1040 2286 hac
1055 2254 1128 2286 vita
1148 2253 1308 2294 excessit,
1334 2258 1370 2286 et
1393 2264 1457 2286 nos
1476 2258 1624 2285 mortem
1647 2263 1745 2285 suam
1798 2273 1806 2319 1

313 2295 543 2341 deplorantes
569 2298 726 2342 reliquit.
786 2299 908 2343 itaque
933 2310 1010 2342 ego,
1046 2301 1168 2345 inopia
1191 2300 1436 2341 conflictatus,
1460 2300 1592 2344 Aprilis
1618 2297 1674 2332 die
1705 2300 1745 2332 18
1803 2322 1806 2323 ν

311 2354 402 2377 nave
427 2344 556 2384 soluta,
576 2355 612 2388 ¹7
639 2344 695 2377 die
722 2345 808 2378 Maii
830 2346 1010 2378 Anconam
1029 2348 1194 2391 perveni,
1220 2357 1428 2392 rursumque
1449 2345 1609 2379 calendis
1633 2345 1746 2379 Iuniis

313 2400 356 2422 ex
384 2401 426 2422 ea
450 2391 537 2423 urbe
564 2402 721 2434 egressus
747 2397 783 2424 et
802 2396 898 2425 trans
923 2393 1110 2426 Bitelmum
1125 2394 1318 2438 profectus,
1342 2395 1424 2438 quia
1445 2393 1518 2426 illis
1535 2393 1637 2437 aquis
1664 2393 1747 2424 Bes-

312 2437 487 2470 sai-ionem
514 2437 742 2479 cardinalem,
769 2439 831 2483 qui
856 2440 1052 2483 patriarcha
1076 2441 1282 2485 Cpolitanus
1310 2439 1580 2484 appellabatur,
1603 2439 1655 2472 uti
1679 2450 1745 2471 au·
1796 2478 1799 2479 ⁷

313 2482 459 2525 dieram,
485 2484 543 2517 die
567 2495 663 2517 nono
677 2486 820 2518 Romam
845 2485 971 2519 adveni
992 2498 1032 2519 ac
1058 2487 1185 2520 diverti
1211 2488 1248 2525 in
1272 2487 1378 2520 aedes
1397 2486 1620 2520 dominorum
1645 2496 1746 2518 meo-

314 2541 402 2562 rum.
452 2542 524 2575 quo
550 2536 710 2575 tempore
735 2533 974 2566 sanctissimus
999 2545 1090 2577 papa
1116 2545 1223 2579 opera
1246 2533 1536 2566 venerandissimi
1561 2533 1640 2573 viri,
1662 2533 1747 2565 Bes-

314 2577 463 2610 sationis
507 2577 718 2619 cardinalis,
755 2579 802 2611 ad
839 2578 1021 2624 despotas,
1055 2581 1077 2612 i.
1105 2592 1135 2613 e.
1169 2580 1346 2613 Andream
1385 2580 1566 2625 despotam
1596 2585 1633 2612 et
1666 2579 1747 2611 Ma-

312 2623 456 2656 nuelem
480 2625 702 2669 principem,
727 2626 843 2666 misit,
875 2632 915 2659 ut
939 2626 965 2658 ii
993 2637 1146 2659 sororem
1173 2639 1270 2660 suam
1305 2627 1442 2660 homini
1470 2626 1647 2672 principi,
1677 2626 1744 2659 Pa·
1799 2624 1806 2665 i

313 2669 469 2711 raciolo,
496 2671 646 2715 opibus,
683 2682 811 2716 genere
845 2678 880 2706 et
913 2672 1100 2718 splendore
1131 2674 1284 2718 insigni,
1320 2684 1465 2706 uxorem
1501 2672 1640 2706 darent.
1686 2671 1744 2704 di-
1799 2666 1806 2733 ξ

314 2716 379 2748 ctis
416 2717 704 2761 conditionibus,
739 2719 965 2765 inauguratio
1011 2720 1181 2766 nuptialis
1227 2733 1247 2755 a
1300 2732 1435 2755 summo
1482 2720 1648 2765 episcopo
1688 2719 1742 2752 sa·
1802 2750 1806 2772 ¹

1801 2837 1806 2852 l

1798 2853 1806 2958 i
