1806 3190
369 154 478 222 342
780 170 1008 213 Gssonou
1051 168 1368 210 mmANTmE

368 269 441 313 καί
469 267 643 312 ἐνώπιον
674 267 838 309 πάντων
867 270 950 311 τῶν
975 268 1178 321 Ἑβραίων
1200 268 1328 322 α’νέβη
1357 265 1378 308 ὅ
1412 266 1603 320 ῙΙΊωῦσῆς
1629 264 1700 308 ἐπὶ
1726 268 1797 307 τοῦ

365 330 491 390 ὅρους
514 337 645 386 Σινιῖ,
693 332 892 375 εἰπόντων
931 334 1048 374 τοῦτο
1091 334 1175 374 τῶν
1201 333 1417 375 Ἰουδαίων
1449 329 1552 384 πρὸς
1581 329 1708 374 αὐτὸν
1736 327 1797 374 ὅτι

363 399 564 453 ἀνάβαινε
587 401 646 447 εἰς
673 396 719 439 τὸ
751 391 846 453 ὅρος
876 397 948 439 καὶ
978 400 1107 452 γνῶθι
1139 397 1187 438 τὸ
1219 400 1294 439 τοῦ
1319 399 1424 439 θεοῦ
1438 398 1629 450 θέλημα·
1683 396 1797 451 ἡμεῖς

364 465 442 520 γάρ
473 463 616 521 φωνην
650 466 752 504 θεοῦ
797 464 973 505 α’κοῦσαι
1005 460 1053 503 οὗ
1085 463 1304 515 δυνάμεθα
1323 493 1336 516 ‚
1363 464 1520 517 μήποτε
1548 461 1797 517 τελευτήσω-

363 547 457 582 μεν.
491 532 563 571 καί
593 528 616 570 ὅ
633 527 746 578 ,λαός
771 531 912 571 ἵστατο
941 528 1154 582 μακρόθεν
1178 530 1254 570 τοῦ
1277 523 1403 582 ὅρους
1430 526 1535 580 μετά
1563 526 1699 582 φόβου
1728 528 1798 571 καίΙ

364 592 520 648 τρόμου
551 596 878 648 προσκυνοῦντες
906 596 962 650 τῷ
985 596 1069 651 θειιὸ
1098 595 1157 650 τῷ
1186 596 1379 635 λαλοῦντι
1409 595 1464 649 τῷ
1479 594 1672 649 Μωῦσῇ·
1702 591 1724 634 ὖ
1753 593 1806 664 δὲῗ

367 661 561 714 Μωῦσῆς
601 657 765 701 α’κούων
805 658 901 709 τούς
927 658 1069 713 λόγους
1111 661 1188 700 τοῦ
1215 660 1320 700 θεοῦ
1355 657 1469 712 ἔλεγε
1514 655 1689 708 τούτους
1714 662 1806 708 weg}

359 727 579 778 Ἑβραίοις,
607 727 679 767 καί
719 725 939 779 παρευθύς
967 724 1013 765 τὸ
1045 727 1226 779 λαληθὲν
1260 726 1505 779 ἐπληροῦτο.
1561 721 1650 765 ἀλλ’
1680 719 1806 766 οῦδὲ-ιῚ

363 806 461 832 ποτε
509 792 701 845 ἐκίνησαν
733 789 829 839 τοῦς
869 788 1178 844 τεσσαράκοντα
1223 789 1404 844 χρόνους
1439 788 1522 831 α’πὸ
1565 791 1642 831 τοῦ
1670 788 1800 832 τόπου

365 855 505 897 αὖτῶν
532 851 634 897 ἄνευ
660 854 784 910 λόγου
812 858 890 897 τοῦ
918 858 1037 897 θεοῦ.
1094 858 1284 911 ΠΙωῦσής
1304 854 1404 910 γάρ,
1432 854 1561 911 φησὶν
1589 855 1613 910 ἢ
1641 853 1806 911 γραφή,

362 918 515 974 ἐλάλει,
543 922 618 962 καί
642 918 664 963 ὃ
694 921 790 970 θεὸς
818 921 1067 975 α’πεκρινατο
1099 923 1229 978 φωνῇ.
1274 921 1380 974 μετὰ
1407 923 1508 975 γοῦν
1535 923 1616 963 τῶν
1640 922 1806 964 πολλῶν

361 988 606 1041 μαρτυριῶν
635 1001 678 1028 τε
707 986 779 1027 καί
799 985 1037 1038 ,θαυμάτων
1058 987 1230 1035 ἐξέδωκε
1257 985 1328 1028 τὸν
1355 985 1480 1039 νόμον
1513 992 1599 1036 τοῖς
1622 986 1802 1029 Ἰουδαί-

362 1067 443 1104 οις,
473 1051 545 1093 καί
584 1053 776 1102 ἐδέξαντο
818 1054 965 1092 τοῦτον
1004 1052 1077 1091 καί
1103 1050 1426 1107 προσεκύνησαν,
1469 1051 1541 1093 καὶ
1566 1054 1802 1106 παρέλαβον

355 1115 435 1159 Κτὸν
461 1115 575 1171 παρὰ
604 1118 677 1158 τοῦ
711 1116 933 1164 Μωῦσέως
976 1117 1150 1158 δοθέντα
1181 1115 1308 1170 νόμον
1342 1117 1399 1166 ὥς
1426 1119 1503 1159 τοῦ
1529 1119 1635 1159 θεοῦ
1658 1117 1801 1172 νόμον.

464 1177 623 1223 Ἦλθεν
655 1180 676 1222 ὅ
703 1181 902 1236 Χριστός,
931 1183 1003 1223 καί
1030 1178 1117 1235 εἶχε
1145 1179 1218 1230 τοίς
1249 1181 1364 1237 παρὰ
1395 1181 1564 1225 πάντων
1589 1184 1674 1224 τῶν
1700 1198 1803 1236 προ,-

363 1248 506 1303 φητῶν
533 1247 782 1301 μαρτυρίας.
837 1249 911 1288 καί
938 1246 958 1288 ὅ
984 1249 1061 1299 μὲν
1096 1248 1289 1302 Μωῦσῆς
1315 1246 1438 1301 ἔλαβε
1467 1246 1543 1303 τήν
1567 1250 1803 1303 μαρτυρίαν

365 1311 735 1366 ὀγδοηκοντούτης·
791 1309 995 1354 τοσούτων
1021 1311 1102 1366 γὰρ
1131 1313 1233 1354 ε’τῶν
1261 1310 1475 1368 εὑρίσκετο
1503 1313 1622 1356 ὁπότε
1651 1329 1803 1368 προσε-

363 1374 468 1431 τάγη
496 1375 610 1430 παρὰ
639 1378 744 1418 θεοῦ
771 1377 919 1431 ἐξᾶραι
944 1377 1042 1426 τούς
1067 1376 1185 1426 υἱούς
1210 1378 1377 1434 Ἰσραήλ
1405 1382 1449 1429 ε”ξ
1475 1379 1724 1434 Αἰγύπτου·
1779 1377 1803 1421 ὗ

326 1443 413 1485 Βδὲ
442 1441 628 1496 Χριστός
659 1439 748 1496 εἶχε
772 1441 849 1492 τὰς
875 1445 1109 1495 μαρτυρίας
1138 1443 1219 1484 ἀπὸ
1252 1447 1478 1500 καταβολῆς
1506 1444 1678 1499 κόσμου,
1705 1447 1803 1500 πρίν

364 1505 395 1562 ἢ
420 1509 671 1563 γεννηθῆναι
715 1507 868 1549 αὐτόν·
925 1509 1007 1549 οἷπὸ
1047 1509 1127 1563 γὰρ
1170 1511 1243 1552 τοῦ
1275 1510 1471 1565 Ἁβραάμ
1498 1507 1673 1566 ἤρξαντο
1702 1512 1804 1555 οἶνοι-

367 1575 598 1628 φαίνεσθαι
626 1572 672 1615 αἱ
698 1575 775 1615 τοῦ
805 1575 994 1628 Χριστοῦ
1029 1577 1272 1629 μαρτυρίαι,
1300 1576 1443 1626 καθώς
1464 1580 1508 1619 ἐν
1538 1583 1623 1627 τοῖς
1649 1577 1803 1632 ἐζιιπρο-

366 1641 470 1680 σθεν
497 1638 797 1680 ἀποδέδεικται.
826 1641 1035 1695 γεννηθείς
1064 1642 1110 1682 δὲ
1138 1641 1260 1683 πάλιν
1288 1643 1563 1699 ἐμαρτυρήθη
1592 1643 1669 1699 τήν
1687 1642 1802 1699 παρὰ

365 1705 441 1745 τοῦ
468 1704 572 1745 θεοῦ
589 1705 661 1745 καί
685 1703 839 1757 πατρὸς
867 1709 1105 1759 μαρτυρίαν
1126 1708 1230 1759 μιάν
1255 1708 1326 1748 καί
1348 1709 1435 1757 δίς·
1464 1711 1630 1764 ἐποίησε
1659 1711 1704 1752 δὲ
1731 1708 1804 1752 καὶ

366 1768 570 1822 θαύματα
596 1769 649 1810 ου’
673 1767 780 1811 κατὰ
807 1768 876 1811 τὸν
895 1772 1091 1814 Μωυσέα
1119 1772 1163 1813 ἑν
1181 1773 1384 1832 Αἰγύπτῳ
1414 1776 1487 1817 καί
1501 1775 1545 1817 ἐν
1571 1777 1622 1833 τῇ
1649 1773 1803 1834 ε’ρῄμῳ,

370 1959 602 2007 quadraginta
625 1960 795 1995 oberrans
819 1963 993 1996 miracula
1018 1965 1204 1998 innumera
1227 1966 1354 2001 edidit.
1403 1972 1440 2002 et
1461 1978 1545 2002 vero
1575 1979 1691 2001 coram
1714 1979 1803 2002 cun-

368 2008 435 2041 ctis
462 2007 635 2041 Hebraeis
662 2009 701 2041 in
738 2015 894 2042 montem
923 2010 1007 2043 Sina
1034 2012 1211 2053 ascendit,
1244 2014 1388 2048 Iudaeis
1422 2015 1472 2048 ita
1502 2026 1582 2048 eum
1608 2015 1804 2049 cohortati:

364 2053 542 2087 “ascende
567 2054 606 2087 in
635 2060 794 2088 montem
831 2062 867 2090 et
896 2056 990 2090 disce
1026 2057 1084 2091 dei
1109 2061 1354 2103 voluntatem3
1387 2073 1452 2095 nos
1476 2062 1569 2095 enim
1595 2073 1716 2095 vocem
1744 2061 1803 2096 dei

368 2101 495 2134 audire
519 2112 594 2134 non
617 2102 841 2144 sustinemus,
866 2115 911 2136 ne
926 2103 1148 2140 moriamur?
1174 2107 1296 2152 itaque
1321 2108 1474 2152 populus
1490 2109 1615 2153 procul
1638 2121 1657 2141 a
1682 2114 1804 2142 moute

368 2147 552 2190 adstabat,
578 2159 655 2181 cum
680 2154 776 2182 metu
811 2161 851 2182 ac
875 2155 1027 2184 tremore
1062 2152 1167 2185 deum
1192 2164 1268 2186 cum
1295 2154 1418 2197 Moyse
1450 2156 1715 2200 colloquentem
1738 2155 1805 2188 ad-

369 2200 523 2227 orantes.
571 2195 710 2238 Moyses
735 2195 857 2229 audita
875 2198 982 2230 verba
1006 2198 1063 2230 dei
1087 2200 1206 2233 statim
1230 2202 1498 2234 communicavit
1525 2213 1603 2234 cum
1617 2201 1804 2244 Hebraeis,

367 2240 609 2286 mandataque
635 2242 734 2275 illico
760 2243 838 2275 fieri
867 2250 993 2289 coepta
1019 2251 1112 2278 sunt.
1168 2257 1234 2279 nec
1257 2258 1320 2291 per
1343 2253 1438 2281 totos
1463 2248 1545 2282 illos
1569 2248 1805 2294 quadraginta

369 2299 481 2321 annos
505 2293 619 2322 castra
645 2295 831 2322 moverunt
853 2290 989 2323 iniussu
1018 2292 1163 2325 domini.
1223 2294 1362 2337 Moyses
1397 2295 1512 2336 enim,
1540 2296 1591 2329 ait
1616 2296 1805 2340 scriptura,

368 2333 598 2380 loquebatur,
626 2346 666 2367 ac
692 2335 779 2369 deus
796 2338 1036 2381 respondebat
1051 2350 1148 2372 voce.
1173 2340 1294 2373 multis
1319 2341 1428 2385 igitur
1451 2353 1530 2374 cum
1546 2343 1654 2386 signis
1679 2348 1716 2376 et
1734 2342 1805 2375 mi·-

368 2382 498 2414 raculis
522 2381 635 2425 legem
659 2381 800 2416 Iudaeis
824 2383 935 2424 dedit,
960 2396 1065 2430 quam
1082 2386 1138 2419 illi
1157 2394 1369 2431 acceperunt
1395 2394 1430 2422 et
1453 2388 1663 2422 adorarunt:
1690 2399 1805 2423 vene-

369 2428 512 2473 rutique
538 2434 622 2462 sunt
646 2429 760 2473 legem
785 2440 805 2462 a
830 2430 953 2473 Moyse
978 2431 1094 2464 datam
1118 2439 1159 2466 ut
1182 2433 1295 2477 legem
1320 2434 1390 2467 dei.

459 2475 572 2509 Venit
597 2475 757 2509 Christus
783 2476 980 2522 habuitque
1003 2480 1158 2513 omnium
1174 2480 1425 2525 prophetarum
1452 2481 1667 2516 testimonia.
1692 2481 1800 2526 Moy-

368 2531 425 2554 ses
450 2522 694 2555 testimonium
723 2523 861 2568 accepit
881 2535 973 2558 anno
995 2527 1123 2559 aetatis
1148 2528 1384 2570 octogesim03
1408 2533 1464 2562 tot
1486 2529 1581 2563 enim
1599 2540 1711 2562 annos
1734 2540 1802 2563 na-

367 2573 425 2600 ius
451 2573 538 2610 erat,
560 2580 668 2614 quum
706 2570 821 2603 iussus
857 2576 912 2604 est
938 2583 956 2604 a
983 2571 1061 2611 deo,
1093 2573 1187 2606 filios
1211 2575 1352 2607 Israelis
1381 2586 1424 2607 ex
1446 2574 1606 2621 Aegypto
1629 2575 1805 2619 educere3

368 2614 529 2648 Christus
553 2620 671 2649 autem
703 2618 910 2650 testimonia
935 2617 1060 2651 habuit
1095 2619 1178 2653 inde
1202 2631 1221 2652 a
1247 2621 1380 2655 mundo
1406 2622 1562 2663 condito,
1587 2628 1671 2656 ante
1694 2633 1806 2668 quam«

367 2666 472 2694 natus
497 2667 600 2695 esset.
649 2674 731 2696 nam
765 2663 850 2697 inde
887 2663 932 2696 'ab
959 2664 1158 2699 Abrahamo
1192 2669 1393 2701 testimonia
1419 2668 1547 2702 Christi
1573 2669 1649 2702 fieri
1674 2675 1806 2715 coepta}

367 2712 460 2749 sunt,
486 2708 786 2754 quemadmodum
815 2722 919 2758 supra
946 2712 1141 2747 docuimus.
1202 2720 1307 2749 natus
1334 2721 1451 2749 autem
1480 2714 1538 2750 dei
1562 2716 1672 2762 patris
1694 2717 1805 2771 testi-3

1795 2915 1806 3190 Ξ
