1806 3190
209 163 280 203 DE
315 160 801 203 THESSALONICENSI
828 158 1048 200 Excimo
1068 155 1369 199 NARRAno.
1412 134 1514 193 501

82 258 178 310 κῐός
199 262 314 318 φυγῇ
332 262 478 302 πολλοὶ
502 259 760 314 χρησάμενοι
787 258 1021 312 λεληθότως
1049 253 1238 312 ἀπῄεσαν
1265 254 1420 308 οἴκαδε,
1447 259 1525 309 με’-

82 342 152 380 ρος
194 329 276 368 τῶν
304 328 455 379 τειχῶν
495 324 569 366 οὔκ
611 325 748 378 ὀλίγον
791 323 946 378 ἔρημον
988 320 1340 370 καταλελοιπότες.
1399 324 1525 363 τοῦτο

81 393 225 445 μεῖζον
252 389 402 443 ἔδοξεν,
433 387 532 432 ὅσον
553 395 642 432 κατ’
668 388 931 445 α’νθροόπινον
953 387 1162 442 λογισμόν,
1193 389 1307 428 αἰτία
1327 390 1400 429 τοῦ
1425 391 1524 439 μεθ’

81 457 245 511 ἡμέραν
274 459 416 497 κακοῦ.
487 459 559 497 καί
594 455 675 510 γάρ
705 456 745 497 εἰ
769 453 981 508 μενόντων
1021 453 1217 495 ἁπάντων
1246 454 1316 494 ἑπί
1340 457 1416 494 τοῦ
1443 456 1525 496 τεί-

45 527 70 568 5
81 537 197 576 χους,
228 520 306 574 μιά
335 520 454 575 ψυχή
484 524 712 574 γενομένων
752 520 825 563 καὶ
855 517 1041 562 θάνατον
1069 517 1274 572 ἑλομένων
1303 519 1408 572 ὑπὲρ
1441 536 1526 576 φυ-

81 590 210 641 λακῆς
237 589 311 641 τῆς
339 589 549 640 πατρίδος,
583 585 700 638 μόλις
730 583 780 628 ἄν
809 585 835 639 ἡ
861 586 980 635 πόλις
1008 587 1051 636 ἐξ
1081 585 1213 639 αὐτῆς
1239 586 1526 641 διατετήρητο,

79 653 168 701 πῶς
197 648 249 693 ἂν
274 655 439 693 τοιοῦδε
462 653 775 707 ’συμβεβηκότος
798 653 874 693 οιῖκ
907 649 993 705 εἶχε
1010 656 1102 704 μετ’
1131 650 1321 700 εὐκολίας
1341 652 1525 704 ἁλῶναι,-

81 714 216 768 οῧτως
251 713 325 760 οὖν
360 719 440 760 τῶν
469 719 667 760 Λατίνων
706 720 1080 771 διαπραξαμένων,
1109 720 1182 759 καί
1221 719 1303 759 τῶν
1345 720 1527 772 τριηρῶν

79 786 182 836 μίαν
211 784 315 839 πρὸς
337 786 578 837 ναυμαχίαν
605 784 927 838 πεπληρωκότων
947 782 1015 825 δια
1038 782 1112 839 τὴν
1132 787 1215 825 τῶν
1242 787 1397 825 πλοίων
1425 786 1526 840 αἰφ-

17 850 208 896 ςονίδιον
250 849 537 905 προσδοκίαν,
567 849 738 904 ἀληθεῖς
779 851 1054 891 διεδείκνυντο
1096 851 1167 891 καί
1207 847 1247 891 οἱ
1292 851 1390 903 περὶ
1429 848 1527 891 τού·

80 931 161 956 των
188 913 290 969 ἡμῖν
318 911 569 970 ἧγγελκότες.
627 911 786 970 ὄρθρου
815 913 894 970 γάρ
925 916 1165 964 ἐπιστάντος
1184 914 1233 957 τά
1267 919 1391 957 πλοῖα
1420 914 1527 970 πρὸς

78 980 150 1023 τὸν
179 983 327 1034 λιμένα
353 980 509 1030 πάσαις
534 979 694 1030 κώπαις
723 984 935 1035 καταίρειν
964 982 1196 1036 ἐπείγονται
1223 980 1272 1024 τοὶ
1303 985 1527 1035 βεβουλευ-

79 1049 185 1099 μένα
217 1048 483 1100 διαπερᾶναι.
558 1046 616 1096 ιὸς
657 1049 703 1088 δὲ
743 1046 916 1102 πλησίον
950 1050 1132 1102 γένοιντο
1167 1046 1244 1102 τήν
1272 1049 1356 1089 κατ’
1387 1047 1526 1089 αὐτῶν

79 1111 287 1167 συσκευην
320 1115 401 1155 τῶν
427 1113 472 1155 ἐν
500 1115 646 1162 αὐτοῖς
663 1113 739 1154 οὐκ
757 1112 947 1168 εἰδότων,
980 1114 1052 1155 καί
1078 1112 1105 1167 ἦ
1139 1113 1324 1168 τριήρης,
1352 1110 1410 1161 ὥς
1437 1109 1525 1166 εἶχε

18 1183 67 1225 15
81 1177 259 1231 τάχους,
301 1179 450 1220 αὐτίκα
491 1184 631 1231 χωρεῖ’
653 1183 742 1220 κατ’
770 1175 910 1220 αὐτῶν
929 1211 940 1230 ,
984 1177 1057 1220 καί
1097 1179 1157 1228 εἰς
1187 1181 1383 1221 τοσοῦτον
1411 1177 1521 1219 αὕτα

78 1241 388 1298 κατηνάγκασεν
437 1246 509 1284 καί
546 1246 604 1294 εἰς
649 1243 787 1300 φυγὴν
823 1242 1026 1300 ἔστρεψεν
1068 1244 1125 1294 ὥς
1164 1246 1376 1285 ἐποκεῖλαι
1416 1243 1523 1285 κατὰ

76 1308 154 1364 τήν
184 1306 352 1364 ἤπειρον
383 1312 456 1351 καί
482 1308 558 1364 τὴν
587 1312 670 1352 ταῖν
703 1309 896 1364 Τούρκων
936 1311 1093 1365 ἐκείνην
1145 1311 1330 1351 ἐπίνοιαν
1373 1310 1522 1350 α’ποδε-
1534 1326 1602 1368 340

77 1377 248 1429 δεῖχθαι
273 1378 469 1428 ματαίαν.
496 1374 602 1417 ἀλλὰ
631 1378 778 1417 τούτου
795 1379 874 1428 μὲν
900 1377 1100 1432 α’νώτεροι
1116 1373 1403 1430 τετηρήμεθα·
1432 1374 1520 1417 εἴθε

78 1442 124 1483 δὲ
150 1441 222 1482 καί
237 1443 313 1483 τοῦ
344 1439 448 1482 κατὰ
479 1439 553 1495 την
584 1441 745 1496 ἡμέραν
772 1444 930 1483 κακοῦ]

40 1527 65 1554 0
186 1507 253 1548 ια’.
332 1509 416 1560 Τῆς
457 1506 651 1560 τετάρτης
692 1508 913 1563 τοιγαροῦν
953 1508 1178 1561 ἐπιστάσης
1216 1506 1399 1562 ἡμέρας,
1445 1508 1522 1549 τοῦ

73 1572 194 1628 ἡλίου
224 1574 422 1627 καθαρῶς
462 1579 547 1621 τοῖς
575 1573 817 1626 ἀνθρώποις
856 1571 981 1628 μήπω
1010 1574 1056 1614 τὸ
1086 1575 1177 1628 φῶς
1203 1571 1518 1627 παρασχόντος,

74 1639 238 1693 ὁρῶμεν
264 1638 368 1680 κατὰ
397 1638 472 1693 τήν
501 1640 694 1693 α’γγελιάν
723 1639 796 1680 καί
822 1637 866 1680 τὸ
895 1641 1054 1693 πλῆθος
1084 1635 1195 1680 ἅπαν
1223 1641 1520 1693 προσχωροῦν-

73 1720 150 1754 τοις
178 1706 236 1762 τῷ
260 1706 412 1758 τείχει,
454 1703 553 1752 τοὺς
592 1707 669 1757 μὲν
705 1704 908 1758 κλίμακας
949 1706 1301 1761 ἐπιφερομένους,
1334 1705 1439 1761 ,τούς
1473 1706 1519 1747 δὲ

74 1885 150 1918 lum
178 1890 338 1929 arrepta,
362 1895 435 1917 non
475 1896 581 1930 parva
605 1895 785 1918 murorum
812 1889 914 1931 parte
942 1884 1104 1927 deserta,
1140 1884 1282 1918 domum
1308 1889 1517 1918 remearent.

75 1932 165 1965 haec
191 1933 378 1977 potissima
403 1943 507 1964 causa
545 1933 629 1965 mali
662 1933 761 1977 quod
790 1943 832 1965 eo
867 1933 926 1966 die
951 1932 1168 1973 advenerat,
1193 1933 1222 1965 si
1249 1932 1403 1964 humana
1428 1933 1517 1965 ratio

74 1991 148 2012 non
173 1979 279 2019 fallit,
307 1985 468 2023 reputata
495 1985 559 2012 est.
609 1980 743 2012 etenim
769 1980 797 2012 si
824 1980 862 2012 in
886 1981 995 2012 muris
1020 1979 1312 2025 permanentibus
1339 1978 1517 2019 omnibus,

75 2031 113 2058 et
139 2037 208 2058 uno
235 2026 353 2058 animo
380 2026 429 2058 ita
462 2026 645 2070 dispositis
685 2033 724 2059 ut
750 2038 813 2071 pro
842 2026 1003 2059 custodia
1030 2028 1165 2071 patriae
1192 2027 1299 2059 vitam
1322 2036 1517 2066 voverent,

73 2074 133 2107 vix
158 2073 240 2105 urbs
273 2079 479 2105 conservata
519 2074 663 2113 fuisset,
706 2085 859 2117 quanam
885 2075 1042 2114 ratione,
1075 2073 1138 2106 ubi
1162 2074 1278 2106 simile
1306 2072 1516 2112 accidisset,

74 2119 172 2152 facili
209 2121 355 2163 negotio
382 2119 554 2164 capienda
579 2131 652 2152 non
677 2121 778 2153 erat?
837 2121 886 2153 sic
908 2120 1005 2154 hisce
1031 2132 1094 2165 per
1119 2121 1263 2152 Latinos
1288 2119 1452 2164 peractis,
1480 2124 1517 2152 et

73 2173 220 2211 propter
243 2168 522 2211 inexspectatum
557 2167 698 2199 navium
736 2167 927 2200 adventurn
965 2168 1068 2200 unica
1097 2167 1231 2200 triremi
1259 2178 1323 2210 pro
1350 2165 1518 2198 commit-

73 2213 183 2246 tenda
211 2214 327 2246 navali
353 2225 470 2258 pugna
495 2213 643 2257 repleta,
666 2225 747 2246 vera
770 2213 935 2247 videntur
954 2215 1116 2247 retulisse
1141 2213 1273 2247 nuncii.
1321 2224 1401 2244 nam
1425 2213 1517 2245 circa

73 2271 236 2292 auroram
262 2271 369 2293 naves
399 2260 443 2293 ad
481 2266 622 2304 portum
664 2261 936 2305 properantibus
961 2262 1066 2294 remis
1090 2260 1334 2305 impelluntur,
1357 2265 1398 2292 ut
1421 2260 1517 2303 cogi-

74 2312 148 2339 tata
175 2306 413 2340 absolverent.
446 2307 508 2340 sed
527 2307 610 2340 dnm
637 2309 937 2352 appropinquant,
962 2319 1028 2341 nec
1052 2307 1217 2340 adversus
1242 2318 1280 2340 se
1305 2311 1516 2350 apparatum

73 2354 284 2387 instructum
310 2360 510 2398 penetrant,
536 2355 690 2387 triremis
715 2355 904 2388 velocitate
939 2366 1072 2387 summa
1097 2355 1134 2386 in
1161 2365 1221 2387 eos
1247 2353 1423 2393 convolat,
1453 2364 1516 2385 co·

74 2401 199 2445 gitque
225 2406 264 2433 ut
296 2401 334 2433 in
364 2400 479 2445 sugam
513 2402 603 2433 versi
636 2402 672 2434 in
698 2406 826 2434 terram
855 2413 961 2435 naves
987 2401 1198 2445 impingant.
1249 2401 1298 2433 sic
1322 2399 1516 2432 Turcarum

73 2446 166 2479 illud
209 2448 397 2480 consilium
424 2453 654 2481 extenuatum
681 2453 834 2482 evanuit.
890 2450 1024 2481 utinam
1050 2453 1086 2480 et
1123 2447 1242 2480 diurni
1267 2446 1353 2480 mali
1387 2446 1515 2480 similis

74 2495 192 2528 exitus
218 2494 426 2527 subsecutus
454 2494 587 2527 suisset.

173 2552 223 2573 ιι.
273 2541 410 2586 Quarto
436 2541 544 2583 igitur
566 2541 625 2574 die
650 2547 843 2585 appetente
868 2541 1018 2574 necdum
1045 2540 1139 2573 clare
1164 2539 1283 2571 lumen
1309 2539 1515 2573 hominibus

72 2587 311 2627 ministrante,
338 2593 379 2620 ut
406 2588 511 2620 nobis
538 2589 830 2633 praenunciatum
859 2589 986 2627 fuerat,
1015 2586 1285 2620 multitudinem
1313 2588 1516 2620 universam

74 2634 112 2666 in
140 2645 277 2666 murum
307 2634 533 2668 festinantem
562 2635 753 2668 intuemur.
816 2636 909 2668 inter
933 2634 998 2667 hos
1021 2634 1083 2667 alii
1110 2634 1220 2666 scalas
1237 2659 1246 2674 ‚
1271 2633 1333 2666 alii
1362 2634 1515 2674 tabulas,

75 2681 136 2713 alii
162 2681 315 2724 implexa
346 2681 539 2714 viminibus
573 2688 671 2714 scuta
698 2688 853 2724 gestare3
887 2693 1019 2720 omneS‚
1048 2686 1086 2714 ut
1111 2681 1161 2713 sic
1185 2680 1310 2722 dicam,
1337 2680 1515 2714 machinas

75 2727 296 2768 convehere,
345 2733 381 2761 et
417 2733 457 2762 ut
495 2730 604 2762 moris
648 2734 702 2762 est
741 2730 851 2774 septi,
894 2734 930 2762 et
973 2728 1085 2762 nostri
1133 2726 1262 2762 excidii
1300 2728 1360 2762 siti
1400 2728 1514 2763 veluti
