1806 3190
525 181 624 220 Lm.
650 181 703 220 11.
745 178 863 220 CAP.
889 179 1000 220 v111.
1401 180 1419 215 1
1434 161 1504 219 53

19 316 33 327 ,,
67 285 150 324 νεῖν
193 281 299 334 κάμὲ
338 278 416 321 σύν
461 281 606 328 αὐτοῖς
646 277 747 331 πρὸς
795 277 838 319 τὸ
884 282 1017 331 πιεΐν,
1055 276 1128 320 καί
1162 275 1315 331 σχεδὸν
1351 275 1506 330 ἐμεθύ-

19 363 43 402 5<
66 349 197 401 σθην·
274 346 346 387 καί
399 346 598 387 τοσοῦτον
649 345 863 396 ἑμέθυσαν
917 346 1064 386 ἐκεῖνοι
1104 341 1208 386 ὥστε
1247 343 1390 398 ἀπῆρα
1434 345 1508 386 a'n'

67 412 208 454 αὐτῶν
237 410 314 460 τὰς
343 408 572 464 ἐπιστολάς,
605 410 675 452 καί
704 406 942 463 ἆνεγνωκώς
971 409 1105 459 αὐτὰς
1131 411 1203 451 καί
1218 410 1505 464 μεταγράψας,

65 477 190 520 πάλιν
215 479 455 533 σφραγίσας
493 474 616 518 εἴασα
644 475 810 524 αύτούς.
878 474 936 524 ὥς
965 477 1010 518 δὲ
1038 474 1210 531 ἔφθασα
1239 477 1299 525 εἰς
1327 474 1403 531 τήν
1429 474 1505 517 πό-

24 539 142 597 miv,
170 542 296 597 ἐδόθη
326 558 398 595 μοι
427 542 696 597 συμπρέσβυς
723 541 903 596 Μάρκος
935 540 957 582 ὅ
985 540 1272 596 Παλαιολόγος
1301 537 1507 595 ὁἼαγρος

57 606 88 650 ,ὅ
121 607 195 650 καί
222 605 395 663 ὕστερον
418 604 767 663 πρωτοστροίτωρ,
797 608 892 648 τότε
918 609 964 648 δὲ
984 609 1401 662 πρωτοβεστιαρίτης.
1433 606 1506 648 καί

63 673 158 716 α’ντὶ
185 676 261 716 τοῦ
290 677 544 729 συμβοηθεῖν
558 689 632 726 μοι
660 675 842 721 ἐναντίος
869 666 920 726 ἦν
948 671 1054 714 κατὰ
1080 676 1152 727 τῆς
1179 672 1417 721 ὑποθέσεως
1446 674 1501 713 δι’

17 742 19 747 ⁴
62 738 114 794 ἢν
145 739 414 795 ἐπηρχόμην,
447 741 518 781 καί
544 741 620 780 ov’z
649 736 743 781 οἶδα
771 738 817 780 τὸ
843 737 998 792 αἴτιον,
1031 740 1119 780 ἀλλ’
1147 735 1174 794 ἢ
1202 737 1248 780 τὸ
1285 737 1307 779 ὅ
1340 736 1501 794 φθόνος

62 806 137 846 οὐκ
166 802 251 848 οἶδε
279 807 482 860 προτιμᾶν
519 805 567 847 τὸ
608 805 839 861 συμφέρον.
906 804 1155 855 ἀπελθόντες
1193 808 1230 847 δ’
1257 805 1364 858 ὁμοῦ
1395 803 1499 858 πρὸς

22 870 134 913 υτόν
163 871 331 926 ἆμηρᾶν
368 871 568 924 ἐλάβομεν
596 871 820 925 ἀπολογίαν
856 873 924 913 ἵνα
953 867 1081 919 αὖθις
1109 869 1390 922 α’ποδώσωμεν
1420 869 1496 925 τήν

60 934 239 990 Πάτραν
280 932 342 986 οἷς
375 943 569 991 προεῖχον
609 937 753 991 αὐτήν.
829 935 1139 991 ἅπελογισοὲμην
1179 932 1252 978 οὖν
1286 935 1396 991 κοῖγώ
1440 939 1498 994 τῷ

57 999 204 1059 πρώτῳ
236 1005 308 1056 τῆς
338 1005 492 1056 βουλῆς
540 1005 618 1044 τοῦ
646 1003 791 1058 οἷμηρᾶ
831 999 1013 1055 τοῦνομα
1039 1001 1249 1058 Ἰβραὴμ-
1268 1006 1402 1045 πασιᾶ
1433 999 1498 1045 ὅτι

55 1067 253 1123 τοιαύτην
289 1068 508 1121 α’πόκρισιν
547 1067 626 1123 ἐγώ
660 1070 710 1110 ου’
746 1071 886 1122 τολμῶ
923 1070 1053 1111 εἰπεῖν
1081 1070 1140 1126 τῷ
1169 1066 1346 1126 αὐθέντῃ
1374 1085 1457 1122 μου
1480 1085 1492 1096 ·

57 1128 195 1185 ὅμως,
220 1134 312 1175 ἐπεὶ
341 1135 492 1182 ἐκεῖνος
534 1135 773 1176 ἀπέστειλεν
802 1136 876 1187 ἐμὲ
914 1135 1020 1189 πρὸς
1048 1133 1116 1177 τὸν
1144 1137 1278 1189 μέγαν
1306 1134 1493 1189 α’μηρᾶν,

58 1197 327 1253 προσταξάτω
354 1200 427 1240 καί
458 1196 586 1248 αὖτός
615 1217 707 1242 τινα
735 1203 819 1243 τῶν
847 1198 1002 1254 αὑτοῦ,
1040 1203 1108 1243 ἵνα
1138 1206 1226 1254 μετ’
1255 1202 1361 1255 ἐμοῦ
1389 1200 1492 1259 ἔλθῃ

54 1266 127 1304 καὶ
153 1264 362 1321 οἷπαγγέλῃ
392 1269 446 1321 τῷ
475 1266 655 1322 αὐθέντῃ
674 1282 754 1318 μου
786 1265 832 1307 τό
861 1269 935 1308 τοῦ
961 1265 1142 1321 μεγάλου
1173 1267 1319 1321 οἴμηρᾶ
1343 1265 1491 1322 δόγμα.

54 1331 124 1371 καὶ
155 1329 389 1384 στερεώσας
421 1333 542 1372 τοῦτο
575 1333 682 1385 λέγει
704 1329 730 1346 “
742 1336 954 1387 φρονίμως
982 1335 1054 1374 καί
1076 1335 1270 1387 χρηστῶς
1289 1331 1481 1387 εἴρηκαςῖ

52 1392 75 1436 ὅ
105 1396 152 1438 δὲ
175 1389 338 1450 Ἴαγρος
371 1396 638 1453 μεμφόμενος
680 1399 754 1451 ἐμὲ
784 1398 840 1447 ὦς
868 1394 1074 1454 ἄπρακτον
1102 1398 1306 1452 ἐλογίζετο
1337 1400 1409 1440 καί
1431 1400 1490 1453 μὴ

53 1459 281 1514 δυνάμενον
319 1465 526 1505 ἐκτελέσαι
564 1480 605 1504 τι
640 1463 825 1518 χρηστὸν
864 1466 904 1506 εἰ
931 1464 990 1518 μὴ
1026 1466 1264 1518 ἐπιζήμιον·
1332 1463 1411 1519 ἐγώ
1442 1466 1489 1506 δὲ

38 1527 153 1568 (θεοῦ
179 1529 344 1585 εὐδοκία
374 1527 534 1584 ἔπραξα
563 1530 692 1582 τοῦτο,
727 1532 798 1572 καί
822 1526 927 1584 ἦλθε
958 1529 1036 1572 σὺν
1061 1532 1161 1583 ἐμοί
1181 1546 1244 1579 τις
1270 1529 1385 1585 παρὰ
1412 1533 1490 1572 τοῦ

51 1593 196 1648 α’,αηρᾶ
224 1595 421 1647 πρέσβυς.
480 1597 552 1636 καί
576 1598 694 1637 τοῦτο
725 1592 776 1651 ἧν
801 1595 848 1638 τὸ
884 1599 1048 1652 πρῶτον
1075 1594 1210 1638 αἴτιον
1236 1598 1314 1637 τοῦ
1345 1599 1490 1650 λαβεῖν

49 1658 126 1714 τήν
152 1660 379 1713 διόρθωσιν
400 1660 443 1702 τὸ
472 1661 569 1715 περὶ
594 1663 664 1716 τῆς
695 1661 885 1716 Πάτρας.

140 1743 174 1776 6.
202 1742 542 1790 πρωτοβηστιάριος
563 1746 588 1778 Ρ
701 1748 734 1780 8.
762 1749 898 1781 αἴτιον·
950 1744 992 1780 οὗ
1018 1743 1091 1792 γὰρ
1123 1745 1208 1782 ἄλλο
1233 1759 1269 1781 τι
1297 1744 1316 1788 ἢ
1343 1745 1489 1792 φθόνος

143 1785 218 1869 ἧᾶζ,
245 1789 279 1870 l?
308 1791 453 1836 φθόνος
475 1787 551 1838 γὰρ
580 1790 647 1827 οὐκ
669 1792 694 1825 Ρ
815 1806 865 1839 ¹7·
896 1793 1102 1839 στεραιιύση
1129 1794 1154 1826 Ρ
1279 1805 1329 1838 ¹9·
1358 1795 1392 1827 εἰ
1413 1788 1486 1840 μὴ]

144 1849 167 1869 α
189 1847 209 1869 λ

50 1909 93 1942 iis
118 1915 301 1955 potarem,
326 1921 392 1943 nec
422 1911 543 1945 aberat
567 1913 738 1954 multum,
775 1913 864 1958 quin
888 1913 1083 1946 inebriarer
1107 1913 1194 1958 ipse.
1220 1913 1275 1945 illi
1300 1918 1419 1946 autem
1442 1924 1486 1946 eo

50 1956 231 1990 ebrietatis
256 1964 520 2003 processerunt,
548 1965 586 1992 ut
611 1961 779 2005 epistolas
799 1961 841 1993 iis
867 1959 1111 1992 subtraherem
1128 1986 1137 2001 ,
1162 1959 1294 2005 quibus
1318 1960 1421 1993 lectis
1451 1965 1488 1993 et

48 2003 236 2048 descriptis
274 2016 478 2050 rursumque
518 2006 731 2050 obsignatis,
754 2008 848 2052 ipsos
880 2008 1004 2040 missos
1030 2006 1108 2039 feci.
1144 2013 1333 2052 postquam
1358 2008 1396 2040 in
1423 2017 1485 2038 ur-

54 2049 136 2084 bem
160 2051 260 2092 veni,
289 2051 427 2085 Marcus
466 2053 695 2097 palaeologus
719 2056 852 2098 Iagrus,
883 2055 942 2098 qui
968 2059 1092 2098 postea
1129 2059 1364 2098 protostrator
1392 2053 1487 2093 suit,

48 2102 122 2130 tum
146 2103 264 2130 autem
287 2099 548 2142 protovestiarii
578 2100 751 2143 dignitate
778 2101 1007 2144 fungebatur,
1034 2100 1221 2144 legationis
1258 2101 1369 2133 socius
1395 2099 1484 2132 mihi

47 2143 233 2178 adiunctus
260 2151 322 2178 est.
348 2146 377 2178 is
404 2151 539 2178 tantum
569 2147 712 2188 aberat,
746 2152 862 2180 utine
899 2148 1034 2179 iuvaret
1060 2148 1098 2180 in
1123 2149 1286 2192 negotio,
1315 2147 1361 2179 ob
1387 2145 1485 2192 quod

46 2201 230 2231 veneram,
256 2197 295 2224 ut
321 2192 566 2226 adversaretur
595 2193 701 2228 mihi:
740 2194 839 2227 cuius
873 2205 936 2237 ego
967 2194 1017 2226 rei
1052 2195 1188 2227 nullam
1212 2195 1317 2227 aliam
1344 2204 1483 2226 causam

46 2237 149 2278 novi,
173 2238 240 2270 nisi
267 2238 365 2284 quod
394 2239 528 2273 invidia
551 2240 725 2274 honorare
751 2242 942 2274 utilitatem
966 2252 1038 2273 non
1058 2242 1252 2275 consuevit.
1277 2251 1347 2273 una
1375 2240 1484 2284 igitur

46 2283 92 2317 ad
118 2295 266 2318 ameram
298 2286 460 2330 profecti,
487 2298 691 2332 responsum
721 2288 875 2328 tulimus,
904 2293 943 2320 ut
969 2288 1105 2321 Patram
1131 2289 1185 2329 iis,
1214 2298 1365 2334 quorum
1391 2286 1483 2320 fuis-

45 2336 116 2371 set,
140 2332 423 2374 restitueremus;
449 2345 518 2378 qua
547 2334 590 2367 de
617 2347 651 2367 re
678 2345 742 2378 ego
767 2335 815 2376 ei,
846 2335 909 2380 qui
934 2345 1071 2367 amerae
1094 2335 1226 2380 primus
1253 2339 1328 2367 erat
1352 2344 1371 2365 a
1398 2344 1486 2366 con-

45 2377 146 2418 siliis,
171 2378 490 2424 Ibraemi-pasinni
515 2382 676 2422 nomine,
704 2381 812 2422 edixi,
841 2382 912 2415 tale
940 2392 1148 2425 responsum
1174 2392 1246 2414 non
1272 2380 1401 2413 audere
1427 2391 1484 2413 me

46 2423 174 2458 referre
199 2425 243 2458 ad
268 2425 449 2459 dominum
478 2439 610 2460 meum:
636 2434 888 2468 veruntamen,
928 2439 1036 2473 quum
1061 2429 1106 2461 ad
1143 2439 1307 2471 magnum
1332 2438 1484 2460 amer-am

44 2470 106 2503 ille
132 2482 188 2504 me
226 2473 395 2514 misisset,
425 2475 498 2517 ipse
533 2477 733 2520 quempiam
761 2486 897 2508 mecum
924 2475 1066 2508 iuberet
1104 2475 1220 2514 abire,
1263 2475 1325 2519 qui
1366 2475 1484 2519 magni

43 2527 182 2550 amarae
215 2517 395 2552 decretum
423 2520 567 2554 domino
594 2534 673 2555 meo
714 2523 943 2555 renuntiaret.
975 2533 1080 2566 quam
1109 2522 1321 2567 petitionem
1351 2531 1482 2566 appro-

41 2561 130 2598 bans
151 2563 410 2610 “prudenter‚”
437 2568 567 2612 inquit,
589 2568 871 2614 “commodeque
898 2567 1054 2601 dixisti?
1124 2570 1241 2611 lagrus
1279 2573 1398 2600 autem
1425 2579 1482 2601 me

43 2611 262 2646 calumnians
291 2624 355 2657 pro
390 2614 514 2658 inepto
540 2615 722 2657 habebat,
747 2616 880 2661 quique
915 2615 958 2648 ad
987 2614 1100 2653 nihil,
1138 2615 1205 2647 nisi
1241 2614 1285 2647 ad
1315 2614 1482 2647 damnum

42 2657 241 2702 parandum
268 2659 381 2693 sactus
407 2671 528 2694 essem.
555 2674 619 2703 ego
646 2674 729 2696 vero
755 2664 951 2696 auxiliante
981 2661 1048 2694 (leo
1076 2660 1145 2693 hoc.
1172 2662 1283 2702 effeci,
1311 2661 1480 2707 venitque

41 2714 176 2737 mecum
202 2706 245 2738 ab
275 2718 390 2739 amera
418 2708 562 2752 legatus.
594 2715 699 2755 atque
727 2709 812 2743 haec
837 2710 948 2754 prima
978 2720 1079 2741 causa
1107 2708 1194 2750 suit,
1219 2719 1290 2755 qua
1314 2709 1480 2743 Patrenso

44 2751 224 2794 negotium
252 2760 414 2787 eventum
444 2753 577 2788 habuit.
