1806 3190
576 206 675 246 Lm.
702 205 739 245 1.
772 203 895 246 cM».
923 200 982 244 x.‘
1405 174 1480 243 43

36 311 261 368 ἦλέγχησεν
279 339 291 360 ,
324 305 391 349 ἵνα
419 306 492 348 καί
527 304 577 348 τὰ
618 306 694 346 νῦν
729 302 977 359 ἒνθυμηθῇς
1004 299 1081 346 τόν,
1099 297 1283 342 θάνατον
1311 296 1384 337 καὶ
1410 296 1485 350 τὴν

39 379 174 432 κρίσιν
204 375 294 425 τοῦὠ
317 369 703 428 ἀπροσωπολήπτου
744 366 904 411 ἐκείνου
944 367 1115 422 κριτοῦ,
1153 365 1197 406 ἐν
1224 359 1250 420 ᾗ
1281 364 1485 415 μέλλομεν

38 441 188 490 πάντες
231 438 383 494 γυμνοὶ
411 436 485 481 καί
521 436 887 490 τετραχηλισμένοι
926 433 1212 488 παρίστασθαι
1232 461 1243 483 ,
1279 426 1351 469 καί
1378 424 1483 469 κατὰ

32 506 113 557 ,τὰς
140 505 308 561 πράξεις
334 504 408 546 καί
432 501 532 560 ἔργα
561 502 694 543 αὐτοῦ
719 500 892 548 ἕκαστος
916 497 993 554 τὴν
1020 494 1267 550 ἆντοῖμειψιν
1295 491 1486 550 λήψεται.

38 571 124 617 ἔδει
151 571 231 626 γάρ
260 585 309 613 σε
335 567 393 619 ὥς
428 566 598 612 συνετόν
624 563 698 608 καί
721 563 945 620 πρακτικόν
971 563 1133 612 καὶτὰς
1157 560 1326 619 γραφὰς
1351 561 1488 609 καλῶς

37 637 177 682 εἰδότα
189 635 262 678 καί
274 637 334 684 εἷς
347 631 482 677 πάντα
499 632 744 688 ἐπιτήδειον,
762 629 819 682 ῶς
831 630 884 674 σύ
897 632 1033 685 λέγεις
1047 631 1406 684 καίμεγαλαυχεῖς
1417 625 1491 669 καί

36 704 271 758 ἐπαίρεσαι,
299 700 368 744 ἵνα
390 702 450 750 εἰς
477 697 674 755 alb-‘blunt
691 695 818 755 ἔλθῃς
838 699 1033 739 τοσοῦτον
1061 694 1205 750 καιρὸν
1223 697 1269 736 τί
1291 691 1345 737 ἂν
1371 692 1436 749 εἴη
1465 692 1491 734 ὃ

37 771 136 825 παρ’
165 769 270 822 ἐμοῦ
288 768 428 819 αἰτεῖς,
458 765 531 808 καί
551 767 597 807 τί
620 762 666 807 τό
693 763 769 807 σὸν
783 765 947 805 δίκαιον
962 765 1147 816 νομίμως
1167 759 1242 803 καὶ
1268 761 1491 809 κανονικῶς

38 833 148 878 κατὰ
174 834 290 885 τάξιν
320 833 542 886 Ῥωμαίων
564 830 638 873 καί
663 826 895 885 συνήθειάν
924 830 1039 882 ἐστι,
1077 829 1150 870 καί
1175 826 1253 869 οὔκ
1281 826 1491 883 ἠρκέσθης

41 903 119 951 ἓως
150 902 227 945 τοῦ
254 900 331 942 νῦν
358 897 412 941 τὰ
443 899 630 940 τοσαῦτα
654 894 867 939 σκάνδαλα
902 896 976 937 καί
1000 892 1227 944 τοσούτους
1255 893 1490 949 ἐμφυλίους

38 967 246 1020 πολέμους
291 966 363 1006 καί
390 964 545 1021 φόνους
571 963 645 1004 καί
681 959 993 1015 αἱματοχυσίας
1019 962 1092 1002 καί
1124 955 1490 1015 ἀνδραποδισμοὺς

36 1034 121 1077 τῶν
153 1029 384 1088 ὁμοφύλων
411 1028 484 1072 καί
509 1028 777 1085 Χριστιανῶν
814 1026 935 1081 ἡμῶν
962 1026 1159 1082 ἀδελφῶν
1186 1024 1259 1067 καί
1284 1023 1493 1078 τοσαύτην

37 1096 208 1155 φθορὰν
239 1099 300 1147 εἰς
325 1097 410 1139 πᾶν
436 1094 482 1140 τὸ
510 1094 709 1150 ὑπήκοον.
763 1090 888 1135 ἔασον
918 1091 990 1135 διὰ
1019 1090 1118 1143 τούς
1146 1089 1391 1146 οἷκτιρμούς
1417 1090 1493 1131 τοῦ

36 1161 288 1219 παναγάθου
330 1163 438 1204 θεοῦ
479 1163 549 1206 ἵνα
590 1157 731 1204 ἄνεσιν
759 1160 922 1214 λάβωσι
960 1157 1034 1201 καὶ
1071 1155 1311 1201 ἀνάπαυσιν
1337 1153 1496 1210 μικρὰν

40 1230 122 1272 τῶν
147 1230 284 1271 κακῶν
311 1229 384 1270 καί
408 1228 557 1270 δεινῶν
584 1225 625 1269 οἱ
651 1227 840 1269 ταπεινοί
865 1226 939 1267 καί
967 1225 1140 1267 ἐλεεινοί
1168 1225 1243 1265 καί
1271 1224 1495 1275 δυστυχεῖς

37 1293 302 1350 Χριστιανοί.
374 1294 419 1337 ἑν
445 1295 524 1347 μὲν
550 1294 603 1349 τῇ
627 1291 774 1350 Ἀσία,
804 1291 861 1342 ὥς
887 1287 1005 1341 οἶδας
1022 1322 1034 1345 ,
1064 1289 1114 1332 τὸ
1143 1290 1339 1343 μέγιστον
1367 1287 1498 1329 κακὸν

37 1359 111 1403 καί
133 1362 282 1416 θηρίον
303 1359 331 1415 ἦ
362 1360 443 1402 τοῦ
465 1355 699 1412 Ὀτθμάνου
725 1355 823 1413 γονὴ
864 1355 963 1406 τούς
994 1355 1157 1404 πάντας
1181 1356 1397 1411 διέφθειρε
1425 1353 1499 1394 καὶ

42 1424 236 1468 α’πῶλεσε
264 1426 339 1467 καί
368 1424 575 1480 ἠφάνισε·
634 1423 708 1465 καί
735 1420 882 1479 ἄμφω,
911 1420 1012 1471 τούς
1029 1437 1077 1463 τε
1104 1418 1316 1478 φυγόντας
1345 1422 1390 1462 ἐκ
1415 1419 1498 1460 τῶν

38 1492 202 1535 ἐκεῖθεν
225 1489 450 1545 χειμώνων
476 1491 549 1533 καί
573 1489 808 1546 συμφορῶν
838 1487 911 1530 καὶ
925 1486 1026 1538 τούς
1052 1488 1403 1539 ε’ναπομείναντας
1429 1485 1497 1526 ἑν·-

41 1559 194 1611 wisa,
225 1556 461 1612 α’φήσωμεν
490 1558 562 1599 ἵνα
591 1552 823 1609 α’ναψυχὴν
843 1551 1023 1608 λάβωσι.
1082 1551 1157 1594 καί
1185 1551 1262 1594 ἐὰν
1287 1552 1387 1604 περὶ
1412 1550 1497 1593 τῶν

40 1624 178 1666 ἐθνῶν
204 1624 286 1667 τῶν
310 1619 370 1677 μή
398 1621 528 1676 νόμον
554 1618 736 1676 ἑχόντων
763 1619 785 1662 ὅ
815 1623 931 1670 θεῖος
958 1620 1103 1674 Δαβίδ
1126 1618 1382 1673 παρακαλῶν
1414 1633 1495 1672 φη-

40 1688 109 1732 σίν
135 1689 204 1731 ἵνα
241 1689 608 1744 διασκορπισθῶσι
644 1685 697 1730 τὰ
737 1684 835 1737 τοὺς
875 1689 1083 1740 πολέμους
1119 1686 1323 1734 θέλοντα,
1369 1682 1498 1725 πόσον

138 1816 168 1841 ι.
195 1803 325 1852 ἤλεγχέ
345 1804 414 1840 oe?
538 1805 603 1841 ἵνα
629 1800 724 1839 κατὰ
747 1805 842 1841 νοῦν
866 1804 945 1841 «ἔνθ.
968 1803 1008 1837 Μ
1082 1846 1089 1857 1
1134 1813 1167 1835 2.
1193 1794 1224 1857 q}
1246 1802 1272 1835 P
1380 1803 1413 1837 8.
1436 1803 1498 1845 ξψ-

130 1856 206 1891 τεῖς
228 1853 254 1887 Ρ
352 1854 404 1887 15.
430 1851 588 1900 δεινῶν]
615 1850 762 1889 ὀδύνων
787 1852 828 1886 Μ
928 1862 979 1896 ¹7·
1001 1849 1108 1897 γονη]
1134 1847 1228 1897 ἄρχη
1254 1849 1280 1884 Ρ

41 1964 277 2004 conscientia,
302 1964 496 2010 prudentia
524 1970 562 1999 et
588 1969 752 1999 senectus
767 1970 806 1999 te
830 1975 904 1998 non
928 1963 1195 2005 admonuerim,
1219 1969 1259 1998 ut
1281 1962 1427 1997 tandem
1450 1962 1498 1996 de

40 2017 156 2045 morte
180 2017 243 2044 tua
267 2012 523 2056 cogitationem
548 2013 766 2057 susciperes,
794 2017 831 2046 et
858 2011 987 2045 iudicis
1012 2011 1126 2052 illius,
1164 2010 1228 2056 qui
1264 2010 1403 2043 nullius
1429 2009 1498 2042 ho-

41 2059 144 2092 minis
171 2059 315 2103 respicit
339 2070 538 2104 personam,
564 2059 807 2104 perpenderes
831 2057 1016 2099 iudicium,
1043 2059 1083 2092 in
1107 2068 1179 2102 quo
1203 2067 1326 2091 omnes
1350 2056 1441 2089 nudi
1461 2063 1500 2090 et

40 2104 223 2140 manifesti
249 2106 440 2147 sistemur,
469 2111 507 2139 et
530 2118 676 2139 suorum
700 2107 856 2152 quisque
882 2106 1080 2138 facinorum
1109 2110 1147 2138 et
1169 2115 1319 2149 operum
1344 2103 1499 2147 accipiet

40 2152 251 2187 mercedem.
277 2152 469 2196 oportebat
493 2154 588 2186 enim
611 2158 666 2194 te,
687 2152 892 2194 hominem,
916 2157 957 2185 ut
981 2158 1020 2186 tu
1046 2151 1195 2196 quidem
1219 2150 1364 2194 gloriari
1389 2150 1498 2190 soles,

41 2198 227 2233 cordatum
255 2204 293 2232 et
316 2211 432 2232 rerum
467 2211 533 2233 usu
560 2203 683 2233 tritum
708 2205 746 2233 et
768 2200 807 2233 in
834 2199 942 2233 sacris
972 2199 1088 2232 literis
1124 2199 1287 2244 apprime
1319 2203 1498 2231 versatum

43 2251 82 2280 et
103 2245 149 2278 ad
173 2246 293 2279 omnia
318 2246 480 2279 habilem
518 2252 625 2293 atque
654 2246 842 2288 idoneum,
879 2251 951 2280 tam
976 2246 1176 2291 longinquo
1202 2251 1363 2289 tempore
1386 2244 1497 2277 intel-

42 2292 196 2332 lexisse,
225 2293 314 2337 quid
340 2292 434 2326 illud
459 2299 565 2335 esset,
590 2293 689 2339 quod
714 2305 734 2327 a
757 2305 814 2327 me
839 2299 999 2338 peteres,
1038 2293 1171 2337 quidve
1199 2292 1362 2336 legibus,
1397 2301 1498 2324 more

42 2343 81 2372 et
105 2339 282 2373 institutis
307 2341 546 2374 Romanorum
570 2341 640 2374 tibi
664 2341 895 2381 conveniret,
929 2341 993 2385 qui
1014 2351 1061 2372 ne
1084 2351 1182 2373 nunc
1209 2338 1355 2383 quidem
1379 2342 1499 2372 tantas

41 2385 162 2419 turbas
185 2397 226 2419 ac
252 2398 390 2431 pugnas
423 2387 624 2432 caedesque
646 2388 771 2420 civiles
798 2393 835 2421 et
859 2389 1048 2420 servitutes
1075 2387 1306 2431 popularium
1332 2390 1369 2418 et
1392 2384 1498 2417 Chri-

40 2433 236 2467 stianorum
261 2434 423 2474 fratrum,
447 2445 598 2467 summas
624 2435 782 2480 denique
805 2433 1050 2467 subiectorum
1066 2434 1224 2466 omnium
1247 2432 1406 2465 miserias
1435 2442 1497 2464 ex-

40 2478 150 2512 citare
179 2491 305 2513 cessas.
337 2492 402 2527 per
429 2481 708 2514 misericordiam
733 2481 792 2514 ‹lei
816 2481 1085 2514 clementissimi
1112 2485 1149 2513 te
1173 2479 1340 2519 obsecro,
1363 2483 1404 2511 ut
1427 2477 1497 2511 hu-

39 2525 166 2567 miles,
187 2527 335 2562 miseros
364 2534 400 2561 et
423 2528 587 2562 infelices
617 2528 837 2561 Christianos
861 2539 881 2560 a
909 2528 1010 2560 malis
1036 2532 1072 2560 et
1100 2526 1307 2560 infortuniis
1332 2525 1497 2570 aliquan-

40 2576 117 2606 tum
140 2574 315 2619 respirare
345 2580 382 2608 et
406 2575 591 2620 quiescere
615 2575 778 2619 patiaris.
803 2575 840 2607 in
854 2575 936 2608 Asia
954 2574 1114 2619 quidem,
1140 2578 1178 2605 ut
1202 2572 1309 2613 nosti,
1337 2572 1497 2606 detesta-

40 2617 127 2652 bilis
151 2621 219 2654 ista
246 2622 355 2665 pestis
382 2627 418 2654 et
441 2621 577 2663 bellua,
602 2622 813 2655 Othmaniea
837 2633 945 2666 gens,
971 2631 1095 2654 omnes
1120 2618 1388 2664 pessumdedit,
1413 2631 1495 2664 per-

42 2665 147 2707 didit,
173 2667 317 2701 delevit.
343 2674 530 2714 utrosque,
557 2674 634 2702 tum
661 2671 724 2714 qui
756 2671 957 2712 effugerunt
982 2668 1063 2700 illas
1089 2666 1332 2699 calamitatum
1356 2671 1495 2711 tempe*

44 2717 174 2753 states,
199 2719 275 2748 tum
299 2716 360 2760 qui
386 2715 446 2748 hic
469 2721 736 2756 remanserunt,
766 2715 935 2756 sinamus,
964 2725 1122 2758 quaeso,
1145 2713 1299 2747 animam
1323 2714 1495 2757 recipere.

42 2759 172 2805 quodsi
209 2760 254 2795 de
289 2762 475 2807 gentibus,
516 2774 609 2810 quae
643 2763 724 2809 lege
759 2768 900 2802 carent.
928 2766 1072 2796 sauctus
1096 2760 1226 2801 David,
1254 2766 1292 2796 ut
1317 2760 1495 2807 dissipew
