1806 3190
475 180 575 219 Lm.
603 182 672 220 lv.
709 180 826 222 CAP.
854 181 963 220 xxi.
1362 163 1402 228 l}
1415 181 1432 216 ¹
1448 181 1476 235 7

43 271 149 318 εἶναι
196 273 301 316 καλά
343 275 573 329 ἐνδύματα,
603 277 674 318 καὶ
698 278 832 319 κάπου
861 277 920 320 ’νά
945 277 1197 335 περισσεύσῃ
1226 279 1299 320 καί
1323 279 1481 328 τίποτες

42 341 117 383 τὸν
141 344 238 382 καθ’
265 340 336 383 ἕνα
352 374 364 395 ,
406 341 477 384 διὰ
519 341 570 384 να
601 346 848 398 βοηθηθῶσι
885 344 1016 386 κάπου
1046 346 1107 392 εἰς
1136 345 1357 386 ἀσθένειάν
1383 360 1481 393 τους

41 403 70 460 ἢ
98 407 158 456 εἰς
193 403 321 461 ἄλλην
350 405 540 462 ἀνάγκην.
612 412 685 450 καί
710 412 834 450 τοῦτο
863 412 978 451 θέλει
1007 408 1057 452 νεὶ
1089 413 1183 467 γένῃ
1211 413 1253 461 ἐξ
1282 407 1478 460 ἅπαντος,

44 474 116 514 καί
141 471 192 514 νιὲ
220 475 353 527 μηδὲν
381 476 474 529 γένῃ
505 474 672 524 α’λλέως.
700 473 751 516 τα
783 477 830 517 δὲ
856 475 978 517 λοιποὶ
1011 472 1160 517 ἑκατὸν
1189 475 1372 518 δουκάτα
1407 475 1479 518 τὸν

43 541 156 592 μῆνα
182 534 305 593 ἤγουν
345 539 465 592 χίλια
503 542 576 581 καί
603 538 800 582 διακόσια
826 539 896 582 τὸν
921 541 1074 595 χρόνον
1104 541 1153 582 νὰ
1185 541 1476 592 ἐξοδιὰζωνται
1488 548 1532 592 93

43 603 103 652 εἴς
129 619 246 654 τινας
274 600 482 659 ἄρχοντας
521 607 595 647 καί
634 604 742 647 καλὰ
769 606 1001 661 πρόσωπα,
1039 606 1144 647 ὄποῦ
1173 605 1223 649 va*
1255 604 1362 649 εἶναι
1389 611 1479 659 μετ’

44 666 186 710 αὕτῶν
207 669 258 710 vti
288 669 341 711 τά
373 671 600 712 ὀόυλεύουν
631 670 704 712 καὶ
729 672 778 713 νὰ
810 670 862 713 τοὶ
893 672 1225 728 συντροφιάζουν
1255 671 1326 714 καί
1351 671 1402 714 vd
1431 673 1481 715 τὰ

45 733 344 790 φυλάττουσιν.
403 736 588 785 α’κούσας
609 739 655 778 δὲ
674 735 695 778 ὁ
727 734 953 790 ἆγιώτατος
982 736 1124 786 πάντας
1152 737 1199 778 τὸ
1233 738 1354 779 πόσοι
1376 736 1484 780 εἶναι

45 800 180 841 αὐτοῦ
209 800 535 854 ὑπερεθαύμασε
554 803 628 843 καί
657 802 1016 856 καταγινώσκεταί
1036 819 1145 855 μας·
1203 802 1276 844 καί
1300 803 1380 858 γὰρ
1411 803 1486 845 ἐὰν

45 868 105 914 εἰς
136 865 206 908 τὸν
236 868 442 922 αὐθέντην
469 867 543 909 τὸν
583 870 895 923 μακαρισμένον
921 869 1073 909 ἐκεῖνον
1102 870 1289 910 τοιοῦτον
1317 865 1485 924 ἄνθρω-

44 947 122 974 πον
150 931 393 985 ἐθαύμαζον
436 936 524 982 πῶς
564 931 676 987 εἶχεν
717 933 800 975 ἔδώ
830 933 981 982 τόσους
1009 935 1081 975 καί
1107 934 1386 988 ἑκατηγόρουν
1412 951 1483 976 τον

45 993 112 1039 ὅτι
142 1001 200 1046 εἰς
228 997 302 1052 τὴν
341 1002 542 1049 ξενιτείαν
572 1000 623 1042 να
652 1003 782 1055 τρέφῃ
812 998 958 1049 τόσους
987 1001 1041 1052 μὲ
1080 1003 1175 1050 ’ξένα
1207 997 1388 1041 δουκάτα
1416 1000 1491 1041 καί

46 1066 167 1114 ξένας
195 1066 386 1116 ἐλπίδας,
417 1065 531 1122 πόσῳ
570 1068 727 1118 μᾶλλον
767 1066 883 1119 τιόρα
902 1099 914 1118 ,
957 1063 1068 1106 ἱποῦ
1105 1062 1240 1119 ἦλθον
1267 1067 1340 1107 καί
1366 1062 1487 1106 ἄλλοι

42 1127 274 1184 πλειότεροι
313 1129 427 1183 παρὰ
470 1130 578 1171 ὄποῦ
615 1127 722 1185 ἦσαν
748 1128 858 1183 adai,
902 1129 1270 1184 καταγινώσκοντές
1310 1147 1390 1173 των
1417 1133 1491 1172 καί

44 1197 322 1250 κατηγοροῦσί
359 1212 463 1248 των,
504 1197 578 1237 καί
615 1197 800 1249 μάλιστα
849 1198 909 1245 εἰς
945 1194 1263 1238 αὕθεντόπουλα
1306 1199 1378 1238 νέα
1417 1197 1490 1238 καί

43 1261 238 1316 ὀρφανοί,
273 1260 380 1302 ὀποῦ
408 1258 503 1303 οὕτε
535 1263 698 1314 ἀξίωμα
737 1258 834 1303 οὕτε
874 1258 1003 1315 ὄνομα
1031 1257 1127 1304 οὔτε
1157 1260 1302 1318 φήμην
1327 1261 1485 1317 ἔχουσι.

42 1329 118 1368 καί
138 1329 191 1367 ου’
221 1327 348 1379 μόνον
389 1327 748 1381 καταγινώσκουσί
763 1343 880 1380 τους,
910 1326 1005 1370 ἀλλ’
1043 1328 1143 1370 οὐδὲ
1172 1325 1405 1381 ’βούλονται
1437 1327 1487 1371 νὰ

43 1390 312 1443 ἐξοδιάζωσιν
354 1392 426 1434 ἕνα
455 1396 640 1446 τορνέσιν
664 1396 800 1445 πλέον,
840 1396 913 1435 καί
937 1389 1118 1446 ἅμποτες
1144 1397 1228 1447 μᾶς
1257 1393 1303 1435 τὸ
1335 1392 1484 1445 ἔταξαν

44 1457 96 1500 νά
127 1457 173 1500 td
205 1458 422 1514 φυλάξωσι
452 1459 618 1508 τελείως
647 1460 721 1500 καί
739 1457 789 1500 vd
817 1461 949 1513 μηδὲν
977 1463 1315 1514 μεταβληθῶσιν,
1345 1457 1484 1514 ὥσπερ

44 1525 242 1579 ἐποίησαν
275 1525 348 1566 καί
387 1518 549 1565 ἄλλοτε.
622 1525 677 1565 δι’
717 1523 819 1565 αὐτὸ
850 1521 957 1565 εἶναι
995 1528 1119 1578 χρεία
1148 1524 1198 1566 νά
1232 1527 1429 1581 φροντίζῃ
1458 1536 1482 1579 η’

41 1588 227 1644 εὐγένειά
256 1605 332 1632 σου
352 1588 460 1643 μετὰ
490 1592 563 1633 τοῦ
584 1587 790 1646 ἀρχόντων
822 1592 894 1632 τοῦ
917 1590 1211 1645 Κριτοπούλου
1237 1593 1314 1632 τοῦ
1334 1593 1483 1646 ἰατροῦ

135 1755 163 1777 ι.
185 1741 324 1777 τὺποτα
347 1743 364 1775 1
493 1742 526 1786 4.
559 1740 675 1779 ἄλλως
696 1742 713 1773 1
819 1741 854 1774 6.
881 1739 977 1775 ὀποῦ
1003 1746 1151 1777 vastum
1173 1738 1292 1775 οἷσυτὰ
1318 1741 1393 1776 τῶν
1413 1754 1483 1776 κα-

129 1789 374 1824 ταδουλεύουν
397 1789 413 1822 1
543 1799 576 1830 9.
605 1786 897 1833 καταγινώσκων
925 1787 1020 1834 ὑμᾶς
1048 1789 1072 1821 Ρ
1207 1799 1257 1822 12.
1283 1789 1351 1835 μὲξ
1374 1789 1440 1825 ἕνα
1466 1791 1482 1822 1

136 1840 186 1881 ¹4·
214 1832 281 1871 τὸν
304 1838 365 1870 καὶ
390 1847 421 1869 κ.
446 1834 512 1870 τόν
534 1835 572 1867 Μ
712 1838 762 1868 18.
788 1838 936 1882 τορνέσι
965 1835 989 1869 P
1111 1833 1253 1882 ἄμποτε
1279 1836 1301 1869 Ρ
1422 1847 1477 1869 21.

128 1882 310 1929 ἄρχοντος
331 1882 396 1917 τοῦ
420 1880 668 1927 κρητοπούλου
692 1882 717 1915 Ρ

35 2005 189 2046 quatuor
213 2000 396 2033 minimum
422 2010 545 2044 equos,
573 1999 618 2032 ad
644 1999 884 2032 ministrorum
899 1998 1077 2044 stipendia
1093 2004 1129 2032 et
1147 1998 1346 2044 principum
1365 2001 1475 2033 vesti-

32 2052 166 2086 menta,
190 2058 281 2092 quae
305 2047 427 2091 pulcra
454 2047 525 2079 sint
543 2057 687 2079 necesse
712 2052 776 2083 est,
802 2051 838 2078 et
863 2045 907 2078 de
932 2047 1085 2079 cuiusvis
1111 2046 1278 2090 portione
1307 2047 1474 2092 aliquau-

32 2093 148 2126 tulum
164 2095 408 2138 comparcitor,
423 2099 462 2126 ut
479 2093 649 2132 habeant,
664 2104 735 2139 quo
757 2097 912 2133 utantur,
927 2094 955 2126 si
976 2094 1068 2126 forte
1086 2094 1122 2125 in
1137 2093 1298 2125 morbum
1315 2094 1371 2125 vel
1383 2095 1473 2127 alias

33 2142 214 2183 angustias
245 2140 446 2174 inciderint.
486 2145 594 2186 atque
628 2139 716 2172 haec
748 2139 894 2184 quidem
927 2140 1073 2173 omnino
1107 2140 1156 2172 ita
1189 2139 1278 2180 fieri,
1302 2151 1368 2172 nec
1394 2142 1473 2173 fieri

31 2186 226 2233 quidquam
255 2187 381 2227 aliter,
418 2186 529 2220 iubet.
592 2187 723 2232 reliqui
746 2193 865 2220 autem
891 2191 1033 2219 centum
1061 2187 1159 2219 numi
1186 2187 1282 2219 aurei
1309 2187 1471 2230 singulo-

32 2245 107 2266 rum
135 2234 319 2275 mensium,
340 2234 398 2267 vel
432 2233 532 2266 mille
557 2239 594 2266 et
618 2233 763 2267 ducenti
802 2234 912 2266 totius
937 2234 1033 2273 anni,
1062 2232 1316 2277 impendantur
1341 2234 1379 2266 in
1404 2235 1470 2267 sti-

30 2280 161 2326 pendia
188 2292 373 2326 procerum
400 2280 538 2326 aliquot
565 2286 601 2314 et
616 2279 799 2313 hominum
823 2280 1056 2324 elegantium,
1083 2280 1144 2324 qui
1170 2292 1247 2312 cum
1275 2280 1471 2324 pricipibus

31 2327 153 2361 vivant
177 2333 215 2360 et
239 2327 532 2361 consuetudinem
559 2327 728 2367 habeant,
753 2327 795 2359 iis
821 2329 978 2360 serviant
1002 2332 1039 2359 et
1064 2337 1124 2359 eos
1149 2325 1363 2360 custodiant.
1394 2339 1472 2360 cer-

31 2374 105 2408 tior
133 2380 251 2407 autem
277 2375 390 2407 factus
405 2375 642 2408 sanctissimus
667 2384 771 2419 papa,
794 2379 883 2418 quot
905 2373 974 2407 huc
1000 2373 1221 2413 advenerint,
1239 2371 1391 2407 ‘miratus
1417 2379 1471 2408 est

30 2425 68 2454 et
95 2421 334 2455 aubin-ascitur.
377 2421 407 2454 si
439 2422 532 2454 enim
565 2421 693 2454 beatae
725 2420 915 2454 memoriae
951 2420 1168 2464 principem,
1210 2420 1317 2453 talem
1343 2421 1470 2462 virum,

28 2467 149 2500 mirati
173 2474 256 2501 sunt
281 2473 317 2501 et
340 2467 596 2512 vituperatum,
631 2467 729 2513 quod
757 2473 811 2500 tot
833 2466 904 2500 huc
926 2467 1107 2499 ministros
1133 2465 1352 2507 adduxisset,
1379 2469 1478 2513 quos'

28 2514 181 2559 pecunia
204 2521 240 2549 et
267 2515 481 2548 liberalitate
505 2515 623 2548 aliena
647 2520 908 2547 sustentaturus
925 2519 1037 2553 esset,
1064 2518 1197 2558 quanto
1226 2515 1335 2557 magis
1360 2526 1467 2555 nunc,

29 2571 140 2606 quum
167 2561 228 2594 alii
253 2559 374 2607 plures
388 2561 456 2594 huc
472 2562 714 2605 immigrarint‚
740 2561 959 2606 principibus
979 2560 1186 2604 praesertim
1204 2561 1323 2604 pueris
1348 2566 1384 2595 et
1408 2573 1469 2594 or-

29 2606 85 2640 bis
111 2608 389 2642 succensendum
416 2613 490 2649 est,
515 2609 576 2654 qui
602 2619 669 2641 nec
697 2608 882 2652 dignitate,
906 2617 972 2639 nec
998 2607 1123 2645 titulis,
1147 2617 1213 2639 nec
1241 2607 1345 2640 fama.
1362 2608 1469 2641 nobi-

30 2654 82 2687 les
101 2654 204 2688 sunt!
230 2666 295 2688 nec
314 2655 357 2687 iis
384 2656 582 2688 irascuntur
604 2655 731 2694 solnm,
752 2654 815 2688 sed
839 2658 961 2687 vetant
988 2653 1106 2693 etiam,
1131 2654 1187 2686 vei
1213 2664 1322 2686 unum
1341 2660 1469 2688 terun-

50 2700 122 2734 ium
136 2712 240 2746 supra
256 2702 442 2746 pecuniam
459 2701 635 2735 decretam
658 2701 829 2746 impendi,
853 2698 1137 2746 mandaruntque
1164 2699 1249 2732 mihi
1273 2712 1466 2742 monerem,

56 2752 71 2781 t
94 2755 256 2781 accurate
281 2749 369 2782 haec
399 2749 525 2782 fierent
547 2759 637 2783 neve
663 2748 858 2794 quidquam
884 2747 1139 2788 immutaretur,
1166 2747 1467 2792 quemadmodum

98 2816 306 2852 Phramzes.
1172 2828 1212 2862 27
