1806 3190
557 140 654 179 Lm.
681 141 714 178 1.
754 137 872 179 CAP.
899 139 1020 178 xxx.
1437 116 1515 190 89

79 241 277 295 πατρικῆς
303 237 407 292 μετὰ
438 236 649 280 τοσούτων
691 234 829 278 κόπων
856 239 928 279 καί
966 235 1124 280 ὂδύνων
1165 235 1326 291 γέγονεν
1361 236 1406 277 ἐν
1434 232 1516 278 ἔτει

44 307 46 309 ’
82 307 202 366 ,ςῧζᾎ
230 307 482 353 ι’νὸικτιῶνος
499 302 548 359 γ’.

216 372 398 426 Πρῶτον
439 372 516 424 μὲν
553 368 671 425 ἔργον
697 366 802 421 μετὰ
842 366 887 410 τό
917 372 1058 421 λαβεῖν
1083 367 1157 423 τήν
1186 364 1322 423 ἀρχὴν
1349 367 1518 420 ἐποίησε

78 440 216 481 τοῦτο.
273 437 324 480 τὰ
356 437 454 491 τέλη
489 437 563 491 τῆς
601 435 933 487 Μολόόβλαχίας
973 434 1046 476 καί
1080 436 1382 488 ΙΠπογὸανίας,
1420 429 1518 474 ὅσον

31 498 127 560 ἑῆν
164 501 372 556 δυνατόν,
411 501 610 556 ἐβάρυνε,
648 503 723 542 καί
757 501 896 541 πᾶσαν
932 499 1080 555 χώραν
1116 503 1189 542 καί
1229 499 1356 542 τόπον
1396 502 1441 541 έν
1467 504 1518 553 τῇ

71 566 206 628 Ἀοίᾳ
232 571 276 612 ἐν
315 564 376 618 οἷς
403 566 442 610 οἱ
473 567 637 611 Σκύθαι
673 565 854 621 ἐγίνοντο
889 567 1099 620 ἐγκρατεῖς
1126 566 1229 618 μετά
1257 565 1334 620 τὴν
1361 565 1519 619 αἰχμα-

77 638 235 679 λωσίαν
275 637 353 678 τοῦ
379 633 557 689 πατρός,
595 631 718 674 πάλιν
756 634 847 686 μετ’
875 633 1013 686 ὀλίγον
1041 631 1116 687 ὑφ’
1145 627 1296 673 ἑαυτὸν
1319 631 1522 674 ἀπεκατέ-

76 717 224 757 στησε·
281 699 353 743 καὶ
381 699 480 749 τοὺς
509 698 753 754 ὁμοφύλους
778 701 850 739 καὶ
878 696 1130 750 ὄμοπίστους
1158 699 1368 746 αὐθέντας
1396 695 1468 745 οὓς
1497 694 1520 738 ὅ

78 765 218 822 πατὴρ
246 768 394 818 ἐξέωσε
422 767 496 820 τῆς
524 761 661 819 ἀρχῆς
681 762 761 805 -καὶ
789 761 810 804 ὃ
843 764 1059 818 Ντεμίρης
1087 762 1226 805 ἐλθών
1251 761 1377 805 πάλιν
1401 763 1522 815 μετέ-

16 835 208 883 noema
236 832 403 883 αὐτοῖς,
432 826 552 880 οὗτος
579 829 692 887 νόμῳ
720 830 904 882 πολέμου
931 824 1060 878 αὖθις
1087 829 1255 881 ἒὸιῖοξε,
1285 827 1363 883 τήν
1380 831 1420 871 Γ
1419 833 1524 870 αλα-

76 901 170 943 τιάν
201 896 511 940 Καππαδοκίαν
538 912 584 939 τε
608 898 682 938 καί
699 894 866 938 Πόντον
883 894 956 943 καί
973 892 1052 938 ὅσα
1078 897 1154 950 τῆς
1183 891 1347 937 ἄνωθεν
1371 894 1526 945 Ἀσίας

74 965 287 1020 ἐκέρδησε.
317 961 385 1006 τὸν
405 961 580 1017 Ἰσμαῆλ
609 960 778 1017 ἆμηρᾶν
803 962 878 1004 τοῦ
895 960 1104 1004 Σινωπίου
1132 961 1315 1016 ὑποτελῆ
1341 962 1526 1017 ἐποίησε,

78 1029 151 1072 καὶ
177 1028 259 1072 α’πό
282 1030 450 1078 Λυδίας
478 1028 556 1079 ἕως
576 1029 776 1077 Αἰολίδος
804 1029 877 1070 καί
902 1023 1008 1083 ἄχρι
1027 1028 1205 1078 Μυσίας
1220 1031 1294 1083 τῆς
1321 1028 1428 1083 πρὸς
1454 1025 1528 1070 τόν

71 1094 363 1151 Ἑλλήσποντον
402 1092 544 1151 κύριος
585 1095 768 1148 ἐγένετο,
812 1092 887 1136 καὶ
920 1094 1031 1147 ’μετὰ
1075 1094 1151 1149 τῆς
1185 1093 1408 1149 γερουσίας
1444 1095 1529 1136 τῶν

18 1159 239 1206 ιὸἙνετῶν
272 1159 414 1217 μάχην
452 1158 645 1216 ποιήσας.
716 1159 739 1201 ὅ
791 1155 868 1202 οὖν
907 1162 989 1202 τῶν
1017 1160 1191 1203 Ἑνετῶν
1228 1158 1372 1209 στόλος
1416 1155 1529 1214 εἶχεν

76 1227 295 1286 νανάρχην
322 1227 392 1270 τὸν
419 1229 588 1282 Πέτρον
608 1227 810 1281 Λορὸἇν·
868 1228 942 1268 καί
969 1221 1099 1282 ἄμφω
1129 1224 1168 1268 οἱ
1197 1225 1338 1268 στόλοι
1371 1242 1526 1268 συναν-

75 1295 290 1349 τηθέντες,
321 1296 427 1348 λέγω
460 1292 728 1335 τῶνἙνετῶν
755 1293 829 1334 καί
857 1294 935 1333 τοῦ
961 1292 1130 1347 ἅμηρᾶ,
1163 1291 1373 1345 οἷναμέσον
1390 1294 1529 1346 Προι-

74 1359 252 1415 κονήσου
279 1357 352 1400 καὶ
378 1356 758 1409 Καλλιουπόλεως,
794 1359 869 1399 καί
906 1358 1150 1411 ναυμαχίας
1178 1359 1401 1413 γενομένης
1428 1359 1528 1398 πολ·

76 1427 152 1468 zac
176 1423 363 1480 τριήρεις
390 1426 464 1466 καί
489 1425 581 1479 νῆες
609 1426 692 1465 τῶν
725 1425 919 1476 Τούρκων
958 1425 1367 1478 κατεποντάτθησαν·
1421 1420 1528 1476 μετὰ

15 1493 126 1534 τιοδὲ
155 1493 288 1534 ταῦτα
316 1488 482 1545 ἀγάπην
509 1492 722 1545 ἐποίησαν.
777 1487 922 1544 ἠγάπα
952 1491 1000 1531 δὲ
1027 1487 1095 1531 τὸν
1118 1492 1296 1543 βασιλέα
1325 1487 1405 1543 κύρ
1426 1491 1528 1531 Μα-

77 1556 206 1614 νουῆλ
233 1553 353 1607 οὖτος
369 1556 391 1598 ὅ
422 1557 587 1612 ἆμηρᾶς
603 1555 676 1598 καί
700 1553 796 1606 τούς
822 1551 992 1610 ἑτέρους
1018 1555 1226 1604 αὐθέντας
1245 1553 1530 1610 Χριστιανούς

75 1623 177 1674 τοῦς
207 1625 329 1680 ἐγγύς
355 1625 437 1666 ταῖν
465 1622 593 1678 ὁρίων
623 1621 779 1665 αὑτοῦ·
846 1623 922 1665 καί
950 1624 995 1665 ἐν
1024 1624 1081 1679 τῷ
1111 1623 1277 1675 μέλλειν
1304 1617 1436 1663 αὐτὸν
1462 1636 1527 1663 τε·

168 1758 201 1792 7.
228 1744 354 1792 ὀλίγον
381 1742 516 1792 καιρὸν
537 1745 605 1792 ὑφ’
630 1745 669 1778 Μ
816 1746 867 1779 16.
894 1743 913 1780 ὃ
938 1742 1091 1791 Λορὸἄς
1115 1740 1363 1791 Λαυρεδανὸς
1386 1745 1528 1789 λέγεται

167 1795 210 1841 τῇ
234 1794 307 1829 τῶν
331 1795 508 1829 Λατίνων
539 1793 724 1838 διαλέκτῳ.
748 1791 960 1827 pachomius
975 1792 1014 1827 in
1031 1803 1137 1838 marg.
1151 1792 1200 1826 M.
1213 1791 1487 1838 Λαουρεδάνον
1503 1794 1527 1827 P

169 1851 226 1875 20.
250 1834 314 1878 τὸν
337 1841 467 1887 κύριον
493 1839 532 1874 Μ

77 1958 187 1999 atque
212 1953 434 1987 Mehemetes
460 1954 617 1987 universi
653 1954 748 1998 regui
774 1959 811 1988 et
846 1952 988 1998 imperii
1019 1951 1161 1997 paterni
1185 1963 1264 1986 cum
1289 1951 1401 1986 tantis
1425 1962 1530 1984 aeru-

77 2001 167 2035 mnis
198 2006 234 2034 et
257 2002 431 2035 molestiis
460 2002 596 2046 potitus
619 2006 674 2034 est
696 2012 789 2034 anno
816 2003 920 2045 6907,
944 1999 1143 2033 indictione
1158 2001 1189 2034 3.

171 2048 325 2080 Primum
350 2054 432 2093 post
454 2054 658 2093 susceptum
679 2048 866 2093 imperium
886 2059 976 2092 opus
1001 2046 1071 2079 hoc
1096 2046 1220 2080 edidit.
1238 2044 1529 2079 Moldoblachiae

79 2099 117 2128 et
140 2094 342 2139 Bogdaniae
371 2095 505 2129 tributa
539 2107 645 2141 quam
683 2101 825 2140 poterat
865 2094 1067 2138 gravissima
1107 2093 1330 2138 imperabat,
1362 2098 1398 2125 et
1422 2092 1530 2137 quid-

79 2142 167 2187 quid
206 2143 390 2185 regiouum
426 2143 464 2175 in
500 2142 583 2175 Asia
619 2142 795 2185 Scythae,
829 2147 934 2187 capto
973 2142 1049 2174 eius
1086 2146 1208 2186 patre,
1249 2144 1530 2185 occupaverant,

80 2189 179 2222 brevi
211 2189 401 2222 intervallo
443 2193 598 2235 recepit,
636 2195 745 2234 atque
781 2200 867 2222 suae
893 2188 1009 2232 gentis
1049 2199 1089 2221 ac
1129 2187 1312 2232 religionis
1351 2187 1529 2231 principes

80 2247 165 2276 eos,
206 2247 296 2281 quos
335 2248 355 2268 a
390 2242 491 2281 patre
519 2235 667 2269 sedibus
695 2236 860 2281 expulsos
893 2236 1053 2268 Demires
1078 2235 1294 2274 restituerat,
1320 2233 1364 2266 de
1389 2234 1528 2276 integro

78 2283 203 2323 eiecit,
229 2289 266 2316 et
289 2283 485 2325 Galatiam,
511 2283 796 2328 Cappadociam,
822 2283 972 2316 Pontum
995 2287 1183 2327 totamque
1217 2282 1335 2314 Asiam
1365 2281 1529 2325 superio-

79 2341 152 2363 rem
177 2331 215 2365 in
237 2335 452 2375 potestatem
478 2342 576 2364 suam
602 2330 763 2375 redegit,
798 2330 1002 2370 Ismaelem,
1035 2329 1191 2373 Sinopes
1216 2339 1391 2368 arueram,
1415 2328 1529 2360 vecti-

78 2377 192 2420 galem
220 2377 328 2418 fecit,
360 2383 397 2410 et
431 2389 450 2410 a
477 2378 589 2422 Lydia
615 2377 661 2410 ad
687 2377 873 2410 Aeolidem
901 2386 1015 2421 usque
1041 2381 1077 2409 et
1099 2376 1270 2419 Mysiam,
1299 2385 1391 2418 quae
1414 2380 1468 2407 est
1491 2374 1530 2407 in

78 2424 338 2468 llellespontO,
375 2424 647 2465 dominabatur,
683 2425 790 2458 etium
830 2435 908 2457 cum
934 2423 1085 2457 Venetis
1114 2423 1253 2467 proelio
1282 2421 1531 2462 conflictatus,

77 2482 228 2515 quorum
257 2470 359 2504 classi
385 2472 507 2504 Petrus
534 2471 674 2504 Lol-dan
710 2476 881 2516 praeerat.
920 2482 1028 2516 quum
1067 2469 1190 2502 :nubae
1224 2468 1374 2508 classes,
1411 2468 1532 2501 Vene-

79 2523 195 2551 torum
233 2523 270 2550 et
303 2529 464 2559 amerae,
499 2519 594 2551 inler
638 2520 897 2552 Proconnesum
939 2523 976 2551 et
1016 2516 1245 2560 Calliopolim
1286 2520 1406 2548 essent
1447 2527 1537 2548 con-

77 2575 218 2607 gressae
244 2570 280 2598 et
306 2577 421 2609 pugna
460 2566 662 2606 commissa,
697 2566 833 2598 multae
858 2566 1053 2598 'furcarum
1085 2574 1194 2595 naves
1219 2567 1257 2595 et
1280 2563 1442 2596 triremes
1469 2562 1534 2595 de-

76 2622 218 2656 pressae
243 2618 336 2646 sunt.
364 2612 496 2646 deinde
522 2625 591 2657 pax
627 2613 722 2646 inter
749 2624 809 2645 eos
840 2612 1049 2656 composita.
1075 2609 1187 2642 amice
1211 2608 1269 2641 hic
1292 2619 1427 2642 amerus
1458 2620 1532 2641 am-

79 2657 301 2701 plectebatur
330 2659 582 2703 imperatorem
608 2660 811 2693 Mauuelem
845 2664 881 2692 et
916 2659 1074 2702 reliquos
1103 2656 1284 2701 principes
1309 2656 1531 2690 Christianos

79 2703 147 2738 sibi
170 2705 302 2742 vicinos
318 2731 327 2746 ,
363 2712 400 2740 et
434 2706 669 2741 moribundus
696 2708 887 2741 Amuratae
923 2706 998 2739 filio
1038 2703 1243 2745 mandavit,
1266 2709 1305 2738 ut
1328 2704 1359 2738 is
1385 2714 1531 2750 quoque
