1806 3190
581 162 680 202 1:1ss.
707 162 740 200 1.
779 159 897 202 CAP.
916 159 998 200 XL.
1417 155 1434 189 1
1452 157 1478 189 2
1495 156 1512 189 ι

76 261 103 316 ἧ
134 263 330 303 δέσποινα
366 256 434 301 ’ἵνα
463 258 634 313 σηρικὸν
663 257 824 310 ἔνδυμα
863 258 1140 313 προσφέρωσί
1159 270 1232 309 μοι
1260 253 1386 297 καλὸν
1413 254 1522 306 προξ-

30 367 32 369 ,
76 342 190 370 σινον
218 327 291 367 καί
319 329 557 377 νομίσματα
595 324 874 377 πεντήκοντα,
923 324 948 376 ἦ
981 326 1027 366 δὲ
1052 324 1129 365 νέα
1158 324 1356 364 δέσποινα
1384 321 1521 375 μηνύ-

76 390 188 434 σασά
216 407 289 445 μοι
314 387 375 433 ὅτι
403 390 448 432 τὰ
481 393 596 432 δεῖνα
626 390 756 443 αὐτῆς
781 388 942 440 ἔνδυμα
986 387 1130 443 ἔσηται
1159 389 1209 445 τῇ
1235 389 1341 441 ἐμοῦ
1371 383 1523 428 συνεύ-

17 470 28 493 ’ῑ
75 474 158 516 ng),
188 454 286 499 ὅταν
312 456 478 511 γυναικὶ
502 457 798 510 συναρμοσθῶ,
830 454 902 495 καί
921 457 1118 508 χρυσι’νοι
1141 454 1466 508 τεσσαράκοντα.

38 527 65 569 5
135 569 139 573 ,
189 524 250 579 Τῇ
280 524 326 565 δὲ
355 522 416 563 κα’
445 525 520 564 τοῦ
547 522 718 563 Ἰουλίου
747 518 877 574 μηνὸς
919 521 995 561 τοῦ
1022 520 1157 560 αὐτοῦ
1184 518 1299 568 ἔτους
1328 520 1523 572 κεκοιμη-

30 624 33 627 »
73 605 144 632 ται
174 589 195 631 ὅ
228 591 272 632 ἐν
300 591 349 646 τῇ
375 587 562 645 μακαρίᾳ
590 589 640 644 τῇ
667 586 782 640 λη’ξεί
801 586 993 638 αόίδιμος
1018 584 1089 626 καί
1119 581 1295 639 εὐσεβὴς
1322 582 1524 638 βασιλεὺς

31 692 41 709 ,1
75 654 155 709 κύρ
185 653 427 708 Μανουήλ,
470 652 515 702 ὃς
556 655 610 694 δι’
640 654 774 694 αὐτοῦ
811 651 932 693 θείου
961 653 1034 692 καί
1065 652 1283 704 οἷγγελικοῦ
1311 650 1523 703 σχήματος

11 749 25 762 -,
73 717 379 774 μετωνομάσθη
421 718 501 773 πρὸ
545 717 713 773 ἧμερῶν
750 716 826 758 δύο
864 719 936 772 τῆς
963 719 1095 771 θανῆς
1136 717 1267 758 αὐτοῦ
1297 719 1524 763 Ματθαῖος

75 787 255 840 μοναχός
272 803 283 814 ·
355 785 427 827 καί
453 786 588 841 ἐτάφη
617 787 662 826 ἐν
684 783 734 840 τῇ
761 785 968 841 σεβασμίᾳ
994 782 1192 839 βασιλικῇ
1227 784 1299 823 καί
1328 785 1524 836 περικαλ-

17 856 143 904 iol-317
164 855 273 908 μονῇ
301 854 377 892 τοῦ
402 851 779 905 Παντοκράτορος,
823 847 928 900 μετὰ
960 850 1140 897 πένθους
1183 849 1255 888 κατ’
1285 847 1525 900 συνδρομῆς

75 918 143 960 οἵα
172 917 223 958 οὗ
251 919 390 971 γέγονε
419 915 585 957 πώποτε
611 912 716 968 πρός
742 931 833 956 τινα
861 916 944 956 τῶν
973 907 1123 954 ἄλλων.
1182 909 1291 967 ἦσαν
1315 913 1361 953 δὲ
1391 913 1525 953 πᾶσαι

74 983 119 1024 αἱ
149 981 304 1038 ἧμέραι
338 984 410 1036 τῆς
448 983 554 1036 ζωῆς
597 981 733 1022 αὐτοῦ
778 979 850 1035 ἔτη
883 980 939 1031 οζ’
981 981 1054 1021 καὶ
1095 979 1254 1036 ἡμέραι
1293 978 1363 1031 κε’,
1392 978 1435 1028 ἐξ
1467 972 1526 1019 ὧν

73 1049 340 1102 ἐβασίλευσεν
367 1047 437 1103 ἔτη
460 1045 534 1089 δύο
568 1050 640 1088 καί
667 1046 992 1102 τεσσαράκοντα.

186 1110 318 1163 Οὗτος
361 1110 435 1156 οὖν
468 1113 491 1154 ὅ
521 1111 722 1166 βασιλεὺς
765 1111 844 1168 κύρ
876 1110 1088 1166 Μανουῆλ
1115 1113 1278 1167 πρῶτον
1305 1111 1524 1165 θυγατέρα

15 1178 62 1225 if»
74 1179 262 1235 ἐγέννησε
289 1179 365 1235 την
393 1210 610 1221 ......
627 1212 638 1232 ,
669 1174 757 1220 εἶτα
772 1181 1101 1230 Κωνσταντῖνον,
1127 1175 1316 1232 Ἰωάννην
1343 1176 1416 1218 τὸν
1445 1179 1523 1229 βα-

72 1248 193 1288 σιλέα
219 1245 294 1287 καί
325 1244 588 1300 Ἀνδρόνικον
619 1244 691 1286 τὸν
718 1244 944 1299 δεσπότην,
989 1245 1062 1286 καί
1087 1245 1301 1298 θυγατέρα
1328 1244 1527 1298 δευτέραν

73 1310 150 1365 τήν
178 1342 386 1352 ......
399 1343 410 1363 ,
447 1308 665 1365 Θεόδωρον
693 1310 763 1351 τόν
793 1311 993 1365 δεσπότην
1019 1309 1092 1351 καί
1119 1310 1524 1366 πορφυρογέννητον,

21 1393 27 1396 ·
73 1375 258 1431 Μιχαὴλ
285 1375 358 1418 τὸν
400 1373 760 1429 αὕθεντόπουλον,
793 1379 1107 1418 Κωνσταντῖνον
1135 1376 1208 1418 τὸν
1237 1375 1431 1429 δεύτερον
1453 1374 1528 1415 τὸν

73 1445 146 1485 καί
178 1444 356 1497 βασιλέα
396 1441 638 1497 γενόμενον,
667 1441 905 1497 Δημήτριον
929 1441 1002 1484 τὸν
1036 1442 1237 1497 δεσπότην
1266 1440 1338 1482 καί
1368 1441 1529 1492 Θωμᾶν

74 1508 146 1550 τὸν
173 1507 387 1563 δεσπότην.
447 1510 530 1560 ζῶν
558 1509 604 1550 δὲ
633 1506 653 1549 ὅ
680 1506 881 1561 βασιλευς
909 1507 983 1549 καί
1008 1507 1143 1563 πατὴρ
1175 1507 1318 1549 αὐτῶν
1342 1507 1526 1559 διεμέρι-

73 1589 142 1616 σεν
158 1571 318 1632 ἑκάστῳ
338 1574 494 1616 τούτων
511 1573 662 1616 τούσδε
681 1573 779 1624 τούς
806 1573 970 1627 τόπους,
1000 1576 1052 1615 δι’
1082 1572 1132 1629 ἢν
1161 1573 1298 1616 αἰτίαν
1327 1575 1400 1614 καί
1417 1574 1525 1626 μέγα

171 1704 199 1726 1.
227 1686 381 1738 συρικὸν
408 1693 431 1725 Ρ
527 1689 642 1727 καλὸν
666 1704 723 1725 om
748 1693 772 1726 P
903 1691 1115 1738 προρσινον
1138 1691 1163 1724 P
1283 1690 1314 1734 4.
1335 1693 1474 1735 χρυσία
1502 1690 1525 1722 Ρ

164 1741 199 1774 6.
223 1739 298 1774 εὐσ.
326 1739 344 1774 ὁ
374 1741 562 1785 εἰρημένος
585 1744 668 1784 βασ.
692 1740 731 1773 Μ
867 1740 917 1784 14.
950 1740 1066 1778 Οὑτος
1088 1759 1134 1765 -
1159 1739 1457 1784 ἐναπομείναντα
1484 1739 1524 1772 ἐν

163 1787 205 1834 τῇ
226 1785 503 1833 Πελοποννήσῳ
529 1786 601 1819 add
623 1787 648 1819 P

73 1882 220 1916 deretur
244 1882 333 1915 mihi
359 1883 424 1916 ista
449 1894 551 1924 arca,
575 1895 682 1929 quam
709 1895 786 1917 cum
818 1884 878 1928 pio
908 1884 984 1917 eius
1006 1888 1088 1916 voto
1113 1882 1219 1917 rebus
1243 1882 1393 1916 utilibus
1419 1887 1456 1915 et
1484 1882 1522 1914 in

77 1929 144 1962 hac
168 1930 266 1962 inani
299 1930 371 1962 vita
400 1930 556 1963 laudatis
592 1931 763 1975 repletam
803 1932 936 1975 accepi.
969 1931 1136 1964 similiter
1159 1931 1365 1974 imperatrix
1389 1935 1522 1962 vestem

76 1977 223 2009 sericam
254 1977 416 2008 eximiam
450 1978 593 2021 prasino
630 1978 750 2011 colore
788 1984 825 2011 et
868 1989 995 2010 numos
1022 1978 1280 2022 quinquaginta
1321 1976 1406 2008 mihi
1445 1976 1522 2008 dari

73 2023 198 2065 iussit3
225 2024 299 2056 eius
329 2023 403 2056 filia
430 2030 548 2056 autem
574 2025 803 2068 significavit,
831 2031 1018 2070 postquam
1046 2036 1188 2057 uxorem
1215 2024 1414 2060 duxissem,
1436 2023 1522 2056 huic

73 2081 111 2103 se
134 2077 266 2103 vestem
291 2082 389 2103 suam
418 2072 761 2116 praestantissimam
793 2078 828 2105 et
851 2083 977 2105 numos
1001 2082 1124 2104 aureos
1149 2071 1382 2116 quadraginta
1408 2069 1523 2102 dona-

74 2122 190 2150 turam
220 2127 306 2149 esse.

169 2164 233 2197 Die
259 2164 342 2196 Iulii
368 2175 406 2196 21
450 2164 611 2198 eiusdem
645 2165 728 2198 anni
758 2165 944 2198 beatorum
982 2171 1078 2198 sorte
1104 2164 1322 2198 obdormivit
1344 2163 1519 2208 gloriosus

73 2214 111 2243 et
134 2210 212 2255 pius
238 2210 432 2255 imperator
460 2212 605 2244 Manuel
628 2212 812 2253 (lominus,
838 2212 948 2245 biduo
974 2218 1056 2246 ante
1080 2218 1229 2245 mortem
1255 2211 1374 2244 divino
1394 2217 1430 2243 et
1455 2221 1520 2243 an-

74 2257 189 2300 gelico
215 2257 342 2290 habitu
366 2258 512 2290 indutus
541 2265 576 2292 et
602 2259 804 2303 appellatus
822 2259 1025 2293 Matthaeus
1050 2259 1256 2292 monachus.
1283 2258 1442 2303 sepultus
1465 2263 1521 2290 est

74 2305 112 2336 in
147 2304 342 2337 venerabili
368 2305 514 2338 basilica
550 2311 586 2339 et
626 2307 840 2350 pulcerrimo
881 2307 1097 2340 monasterio
1123 2306 1401 2345 pantocraton-is,
1440 2316 1518 2338 cum

74 2350 172 2383 luctu
202 2356 238 2384 et
264 2362 459 2391 concursu,
486 2353 602 2397 qualis
629 2353 720 2386 nulli
759 2365 914 2399 uuquam
942 2354 1003 2386 alii
1038 2354 1188 2397 contigit
1235 2353 1380 2385 omnino
1418 2353 1519 2384 vixe—

74 2402 128 2430 rat
151 2409 262 2432 annos
302 2410 343 2443 77
373 2404 410 2432 et
435 2398 512 2432 (lies
538 2400 602 2441 25,
633 2411 652 2432 e
685 2399 816 2446 quibus
853 2406 1060 2445 regnaverat
1091 2411 1204 2433 annos
1237 2399 1326 2432 duos
1359 2404 1395 2432 et
1429 2409 1518 2445 qua-

75 2443 249 2488 draginta.

165 2491 232 2524 Hic
255 2491 364 2536 igitur
392 2492 608 2536 imperator,
646 2494 788 2527 Manuei
819 2494 1007 2535 dominus,
1040 2495 1192 2538 primum
1220 2493 1328 2526 filiam
1353 2503 1519 2536 procrea-

72 2537 124 2570 vit
148 2562 334 2572 ......
363 2540 507 2572 nomine
525 2566 535 2580 ‚
563 2540 694 2574 deinde
721 2541 1017 2582 Constantinum,
1043 2542 1297 2586 imperatorem
1321 2539 1519 2573 Iohannem

74 2589 110 2616 et.
132 2584 374 2618 Andronicum
401 2585 607 2631 despotam,
634 2593 709 2621 tum
735 2588 882 2622 alteram
923 2589 1052 2628 filiam,
1085 2588 1142 2621 cui
1174 2611 1183 2620 .
1213 2611 1220 2619 .
1246 2612 1255 2621 .
1285 2611 1292 2618 .
1317 2612 1324 2619 .
1353 2610 1360 2619 .
1387 2598 1519 2620 nomen

73 2636 158 2671 erat,
183 2631 414 2666 Theodorum
440 2632 627 2679 despotam
645 2641 681 2668 et
697 2635 1052 2680 porphyrogenitum,
1075 2634 1288 2668 Michaelem
1308 2634 1518 2679 principem,

71 2676 343 2712 Constantinum
358 2681 541 2721 minorem,
557 2683 616 2726 qui
636 2682 828 2726 imperator
839 2683 917 2721 suit,
932 2681 1152 2714 Demetrium
1169 2681 1352 2726 ‹lespotam
1369 2687 1405 2714 et
1418 2681 1519 2714 'rho-

70 2733 159 2756 mam
175 2724 371 2771 despota-u.
386 2727 440 2760 liis
453 2728 646 2773 imperator
657 2736 770 2774 pater,
784 2741 893 2775 quum
905 2730 941 2762 in
955 2729 1043 2763 vivis
1057 2728 1173 2762 adhuc
1188 2728 1400 2770 esset,locos
1411 2727 1517 2762 hosce
