1806 3190
329 151 441 217 408
767 171 995 212 omnen
1038 167 1355 210 PHRANTZAE
1804 188 1806 251 ι

327 272 508 312 πὲθανεν
541 274 599 319 εἰς
649 266 866 312 ἀπόπατον
908 266 1162 321 διαβιβάσας
1204 266 1278 321 τήν
1305 266 1474 320 ψυχήν,
1516 262 1572 315 ὥς
1614 281 1712 308 ποτε
1743 266 1767 307 6

316 330 484 389 2’Λρειος
514 335 694 387 ἔπαθεν,
722 333 795 386 ἅμ’
830 333 1042 387 ἐγκάτοις,
1081 332 1153 374 καί
1175 333 1360 385 περάσας
1401 333 1605 384 κατῆλθεν
1630 333 1689 380 εἷς
1715 333 1765 374 τά

327 401 427 453 περί
451 402 526 455 τήν
549 397 812 453 Ἀνδροῦσαν
842 401 914 440 καί
937 397 1128 452 Ἰθώμην.
1195 397 1266 439 καί
1292 397 1434 451 λαβὼν
1461 395 1592 451 αὐτήν
1615 398 1687 438 καί
1711 395 1764 438 τά

326 467 425 517 περὶ
452 464 584 518 αὐτήν
610 465 746 506 πάντα
775 465 939 518 α’πῆλθε
968 462 1211 505 θεάσασθαι
1247 464 1319 504 καί
1345 462 1420 516 τήν
1451 461 1670 517 Κορώνην,
1692 459 1766 504 εἶτ’

326 530 487 570 ἐκεῖθεν
517 531 634 584 διέβη
678 530 749 571 καί
781 526 866 571 εἶδε
911 528 987 583 τήν
1018 526 1261 583 Maenium,
1294 524 1385 570 εἶτα
1416 526 1490 582 τήν
1518 525 1668 570 Πύλον
1694 528 1800 581 τήν5

325 597 397 635 καί
424 595 653 647 Ἀβαρῑνον.
709 598 807 637 καθ’
837 594 888 648 ἣν
914 594 1075 648 ἡμέραν
1108 593 1181 634 καί
1217 591 1240 634 ὁ
1275 591 1474 647 δεσπότης
1501 592 1579 647 κύρ
1611 594 1769 646 Θωμᾶς

324 660 475 713 ἐξῆλθε
502 662 576 713 τῆς
602 658 953 713 Πελοποννήσου·
1008 660 1287 713 προητοίμασε
1319 656 1399 712 γάρ
1434 674 1526 699 τινα
1552 658 1768 712 πλοιάρια,

325 725 400 765 καί
426 724 564 766 ἐλθών
595 726 639 766 έν
670 725 728 781 τῷ
755 728 892 778 λιμένι
918 726 973 780 τῷ
1005 729 1102 779 παρ’
1140 724 1310 772 Ἰταλοῖς
1344 724 1585 781 καλουμένῳ
1613 722 1768 781 Πόρτῳ

325 787 481 846 λόγγῳ,
522 789 590 832 ἵνα
621 793 781 832 ἐκεῖθεν
820 790 1056 843 εὕπλιόϊμον
1091 789 1234 843 καιρὸν
1273 788 1408 843 εὑρών
1442 791 1501 837 εἷς
1543 790 1768 843 Κέρκυραν

327 854 508 913 ἀπέλθῃ.
579 853 603 896 ὃ
648 855 697 910 δή
739 858 894 910 γέγονε,
922 859 995 897 καί
1033 856 1084 911 τῇ
1115 856 1171 910 κη’
1202 858 1278 913 τοῦ
1301 856 1476 898 Ἰουλίου
1508 852 1637 909 μηνὸς
1665 850 1766 895 ἇπε-
1785 871 1798 898 ι

328 921 448 974 ‹rai-‘hy
477 922 536 970 εἰς
562 923 799 975 Κέρκυραν.
858 918 1047 976 εὑρόντες
1078 923 1124 963 δὲ
1154 920 1226 961 καί
1252 921 1373 974 ἡμεῖς
1400 919 1629 973 πλεύσιμον
1659 921 1768 960 α’πα-

327 985 501 1039 γόμενον
532 987 684 1038 ἐκεῖσε,
713 985 914 1039 ἐμβάντες
944 988 994 1042 τῇ
1026 985 1081 1027 ια’
1111 985 1286 1027 Ἰουλίου
1327 986 1394 1027 διὰ
1425 985 1471 1028 τὸ
1504 985 1771 1039 ἐπιγενέσθαι

330 1052 405 1091 καί
429 1049 538 1103 μετὰ
570 1053 650 1092 τῶν
679 1046 816 1092 ἄλλων
844 1053 979 1092 κακῶν
1014 1049 1238 1092 θανατικὸν
1270 1052 1314 1093 ἐν
1342 1053 1394 1107 τῇ
1423 1049 1630 1107 Μοθώνῃ,
1664 1053 1714 1106 τῇ
1732 1048 1768 1102 fl

328 1120 408 1156 τοῦ
433 1115 684 1168 Αὐγούστου
715 1115 994 1170 ἀπεσώθημεν
1023 1117 1080 1164 εἰς
1109 1118 1350 1170 Κέρκυραν,
1381 1115 1546 1170 ἔχοντες
1574 1114 1650 1158 τὸν
1677 1130 1772 1157 σκο-

330 1179 412 1222 πὸν
438 1183 506 1222 ἵνα
535 1183 782 1233 ἀπέλθωμεν
803 1183 862 1229 εἰς
892 1181 967 1236 τήν
990 1180 1165 1236 Κρήτην
1193 1178 1220 1236 ἢ
1248 1184 1306 1230 εἰς
1330 1180 1406 1236 τήν
1434 1183 1533 1236 περὶ
1557 1180 1633 1236 τήν
1664 1182 1800 1224 &eo-2

329 1249 551 1300 σαλονίκην
568 1250 790 1300 Βερροιάν,
821 1246 891 1288 διὰ
922 1246 968 1288 τὸ
1000 1244 1106 1289 εἶναι
1127 1248 1291 1289 κάκεῖσε
1310 1250 1532 1302 καλλίστην
1555 1245 1687 1301 μονήν
1712 1249 1773 1296 εἰς

329 1305 465 1362 ὄνομα
494 1313 567 1353 τοῦ
594 1311 714 1364 ἁγίου
744 1309 984 1364 Νικολάου,
1025 1310 1150 1366 ἥνπερ
1194 1312 1215 1352 ὅ
1243 1313 1317 1366 τῆς
1344 1312 1502 1367 μητρός
1527 1327 1611 1364 μου
1637 1310 1770 1366 πατὴρ

329 1372 547 1430 ἀνήγειρεν
576 1378 621 1418 ἐκ
647 1377 838 1431 βάθρων.
893 1380 968 1419 τοῦ
976 1380 1042 1419 ’δὲ
1058 1376 1213 1419 ‘Pmoun
1228 1380 1267 1419 Γ
1266 1380 1438 1432 εωργίου
1469 1379 1542 1419 καί
1563 1379 1637 1420 τοῦ
1663 1393 1772 1431 γαμ-

329 1442 438 1494 βροῦ
467 1443 600 1483 αυ’τού’
640 1444 712 1483 καί
739 1442 950 1498 θυγατρὸς
985 1443 1344 1497 προαπελθόντων,
1375 1444 1674 1498 ἐπαρώτρυναν
1701 1442 1775 1485 καί

328 1505 400 1550 τὸν
428 1505 604 1559 ἀνεψιὸν
634 1504 766 1549 αὐτοῦ
793 1507 862 1550 τόν
890 1525 984 1550 ποτε
1011 1507 1328 1562 μελλόγαμβρόν
1355 1525 1436 1560 μου
1464 1507 1672 1553 Νικόλαον
1699 1510 1806 1554 τὸνα

330 1570 621 1626 ΙΗελισσηνόν,
660 1571 790 1622 αὐτὸς
830 1575 876 1615 δὲ
915 1574 1040 1615 πάλιν
1078 1576 1170 1627 έμέ·
1238 1574 1298 1616 ἔτι
1338 1578 1383 1617 δὲ
1422 1574 1591 1617 καὶτοῦ
1621 1575 1771 1618 δεσπό-

330 1652 406 1677 του
433 1636 538 1690 μετὰ
577 1637 650 1679 καί
685 1641 769 1679 τῶν
806 1634 943 1681 ἄλλων
984 1642 1115 1682 ἐκεῖσε
1153 1643 1491 1694 παραγενομένου
1529 1641 1773 1696 α’πήλθομεν

327 1698 496 1757 χήμεῐς,
543 1710 792 1759 προσμεῖναι
836 1707 926 1746 ἐκεῖ
958 1707 1037 1754 ἕως
1073 1700 1122 1748 οὗ
1158 1706 1314 1759 ἔδωμεν
1347 1707 1392 1750 τὸ
1417 1709 1578 1760 μέλλον.
1631 1709 1708 1750 τοῦ
1737 1708 1774 1749 δ’

427 1832 461 1864 8.
486 1829 602 1877 πόρτο
626 1831 736 1878 λόγκο
760 1834 785 1867 Ρ

331 1929 467 1961 emissis
491 1929 708 1971 visceribus,
733 1930 886 1965 animam
913 1933 1120 1978 exspiravit,
1154 1944 1194 1966 ac
1216 1934 1358 1967 transiit
1381 1934 1419 1967 in
1443 1933 1605 1967 viciniam
1630 1932 1773 1966 Andru-

332 1987 392 2008 sae
422 1980 459 2008 et
484 1975 650 2011 Ithomes.
699 1976 754 2010 his
782 1989 925 2023 quoque
952 1979 1094 2025 oppidis
1125 1991 1203 2013 cum
1231 1982 1327 2014 omni
1361 1981 1514 2025 regione,
1538 1979 1688 2014 finitima
1710 1990 1772 2012 oc-

332 2022 482 2066 cupatis,
499 2022 673 2056 Coronam
697 2024 810 2057 visum
835 2024 937 2065 abiit,
965 2032 1073 2072 atque
1099 2026 1183 2060 inde
1202 2039 1320 2060 rursus
1342 2027 1551 2060 Mothonam
1568 2026 1709 2060 traiecit
1732 2037 1773 2058 ac

331 2069 455 2111 Pylum
490 2069 562 2103 sive
593 2069 801 2103 Abarinum.
863 2083 934 2116 quo
972 2072 1030 2106 die
1067 2073 1173 2106 etiam
1205 2074 1360 2108 Thomas
1386 2073 1558 2119 despota,
1584 2073 1772 2107 exstructis

331 2120 415 2148 ante
440 2115 602 2157 navibus,
629 2127 649 2149 e
675 2117 924 2162 Peloponneso
961 2118 1123 2153 discessit
1159 2125 1195 2154 et
1234 2121 1280 2153 ad
1309 2126 1451 2166 portum
1483 2122 1641 2165 longum,
1665 2130 1772 2165 quem

329 2162 412 2194 Itali
440 2161 577 2203 dicunt,
601 2163 783 2209 profectus
808 2170 874 2205 est,
903 2170 943 2199 ut
956 2166 1054 2207 inde,
1080 2166 1244 2200 idoneam
1259 2174 1381 2201 nactus
1407 2173 1665 2213 tempestatem,
1682 2166 1771 2200 Cor—-

329 2219 446 2251 cyr-am
470 2209 662 2254 navigaret,
710 2210 761 2244 ita
785 2209 917 2244 factum
943 2218 1006 2253 est,
1021 2214 1255 2259 pervenitque
1281 2214 1338 2247 die
1363 2214 1494 2247 mensis
1510 2213 1591 2247 Iulii
1615 2215 1660 2247 28
1683 2213 1774 2246 Cor-

329 2266 459 2298 cyram.
509 2267 575 2290 nos
603 2267 748 2302 quoque
775 2258 956 2302 navigium
983 2260 1109 2293 eodem
1133 2261 1376 2306 profecturum
1400 2262 1505 2301 nacti,
1530 2261 1614 2294 Iulii
1643 2259 1702 2293 die
1732 2270 1767 2293 ιι

330 2302 524 2342 solvimus,
549 2302 647 2348 quod
674 2308 814 2351 praeter
841 2305 996 2351 reliquas
1019 2308 1178 2341 miserias
1203 2308 1373 2352 pestifera
1400 2308 1477 2341 lues
1492 2306 1691 2341 Mothonen
1715 2306 1773 2339 in-

329 2354 490 2390 vaserat,
516 2354 552 2383 et
573 2349 684 2385 delati
710 2362 828 2384 sumus
854 2351 1041 2395 Corcyram
1066 2354 1125 2387 die
1150 2365 1169 2386 2
1195 2355 1354 2398 Augusti.
1405 2360 1481 2388 erat
1511 2359 1630 2388 autem
1655 2353 1774 2386 consi-

330 2394 421 2427 lium
458 2394 543 2429 inde
580 2396 618 2429 in
643 2396 783 2430 Cretam
804 2398 863 2431 vel
885 2399 1096 2434 Berrhoeam
1122 2412 1234 2447 prope
1262 2401 1554 2435 Thessalonicam
1576 2399 1772 2446 proficisci,

330 2443 502 2486 quoniam
516 2442 593 2475 illic
614 2445 867 2478 monasterium
883 2446 1159 2492 pulcherrimum
1178 2453 1262 2488 erat,
1288 2449 1327 2480 in
1342 2448 1513 2481 honorem
1540 2447 1773 2481 sanctiNieo·

329 2487 379 2520 lai
401 2487 445 2521 ab
471 2499 538 2523 avo
562 2500 641 2522 meo
665 2496 824 2527 materno
850 2503 870 2524 a
898 2492 1139 2527 fundamentis
1169 2500 1396 2530 exstructum.
1445 2495 1618 2538 Georgius
1641 2492 1772 2526 Bauius

329 2540 450 2568 autem
475 2541 512 2569 et
533 2547 643 2580 gener
667 2543 703 2571 et
727 2538 802 2571 filia
829 2539 928 2580 eius,
957 2546 1039 2573 ante
1063 2541 1150 2573 illuc
1183 2541 1356 2586 profecti,
1382 2541 1632 2574 consobrinum
1657 2551 1773 2580 suum,
1801 2559 1806 2576 ¹.

330 2582 393 2624 qui
419 2582 599 2627 quondam
624 2595 724 2617 meus
750 2589 827 2617 erat
851 2585 990 2620 futurus
1010 2599 1128 2631 gener,
1153 2588 1340 2621 Nicolaum
1361 2589 1614 2628 Melissenum,
1640 2592 1681 2620 ut
1706 2597 1773 2619 eo-

329 2626 411 2660 dem
440 2628 651 2671 discederet,
677 2630 852 2667 cohortati
880 2638 990 2673 erant,
1015 2640 1122 2679 atque
1148 2634 1206 2667 hie
1236 2647 1352 2668 rursus
1377 2634 1464 2668 mihi
1487 2634 1582 2667 idem
1600 2638 1770 2668 suaserat.
1803 2639 1806 2680 j

328 2673 452 2718 itaque
484 2681 521 2709 et
546 2675 695 2722 despota
719 2683 756 2711 et
781 2679 930 2725 reliquis
954 2680 1031 2713 illic
1057 2682 1368 2723 commorantibus,
1395 2693 1460 2714 nos
1490 2691 1634 2727 quoque
1657 2679 1772 2712 abivi-
1800 2690 1806 2711 ⁴.

328 2730 418 2763 mim,
442 2724 694 2770 exspectaturi,
722 2725 811 2772 quid
840 2726 998 2762 futurum
1026 2733 1129 2762 esset.
1177 2729 1320 2764 interim
1343 2739 1489 2770 arueras,
1516 2732 1687 2776 occupata
1705 2726 1771 2760 Ar-
