1806 3190
550 222 979 266 121B.1.CAP.v11.
1414 199 1484 273 37

18 342 118 386 γον
144 326 281 383 α’ρχῆν
322 325 521 375 ἐποίουν,
566 340 634 366 και
664 322 686 365 ὅ
713 323 880 400 αμηρᾶς
909 323 968 373 εἷς
1003 322 1159 365 δειλίαν
1186 320 1362 363 ἐνέπεσε.
1417 319 1491 360 τοῦ

50 396 98 439 δὲ
125 394 308 446 πολέμου
350 392 548 439 λυθέντος
586 387 656 431 διὰ
689 388 735 431 τὸ
768 387 814 430 τὸ
848 387 994 438 σκότος
1006 388 1091 443 τῆς
1118 384 1267 436 νυκτός
1290 385 1490 441 ἐγγίζειν,

50 460 206 515 εὖρέθη
235 458 491 513 τετρωμένος
517 456 588 498 τὸν
616 454 726 496 πόδα
760 453 781 494 ὃ
814 452 1015 506 βασιλεύς
1047 454 1219 510 ἐλαφρῶ
1247 468 1328 494 τινι
1362 452 1492 504 βέλει·

49 523 120 569 και
114 524 330 573 θέλοντος
352 525 555 565 εισελθεῐν
574 537 637 570 εις
655 519 698 563 τό
722 522 795 575 τῆς
814 521 1064 575 Φιλοκρινῆς
1080 517 1293 574 πολίχνιον
1319 521 1494 560 πλεῖστοι

0 578 214 646 δέγγυς
201 585 246 633 όν
274 590 502 645 θεραπείας
523 589 640 630 ἕνεκα
672 589 750 629 τοῦ
777 584 916 638 ποδός,
947 586 1023 627 ούκ
1051 582 1145 627 οἶδα
1165 586 1265 638 πῶς,
1294 586 1337 636 ἐξ
1358 584 1497 639 ἆμαρ*

0 674 2 700 1
49 658 152 700 ςιῶν
180 655 445 710 ἑψιθυρίσθη
475 655 519 696 ἐν
545 654 604 710 τῶ
631 655 808 733 στρατῶ,
836 650 911 707 την
927 650 1064 693 αιτίαν
1084 650 1145 707 μη
1177 648 1358 705 εἰδότες,
1378 649 1496 693 α’λλοὶ

0 701 3 770 i
52 720 226 780 φεύγειν
264 723 407 764 τοῦτον
433 719 625 772 ἐνόμιζον
670 718 752 760 α’πό
783 717 940 765 δειλίας
969 718 1126 770 αύτοῦ,
1172 733 1239 758 και
1268 715 1289 759 ὃ
1320 715 1500 772 στρατός

0 772 3 832 Ι
51 789 135 838 πᾶς
171 783 439 835 ἀσυντάκτως
470 801 540 828 και
576 783 688 843 μετά
712 786 808 838 βίας
851 782 1022 840 φεύγειν
1051 778 1252 838 ὥρμησαν
1281 781 1362 824 ὖπό
1391 799 1502 833 τινος

51 852 110 910 μὴ
142 851 402 907 διωκόμενοι.
459 853 531 894 καί
557 853 602 894 ἐν
629 853 685 909 τιῦ
730 849 900 906 φεύγειν
930 848 1000 892 διὰ
1028 847 1073 892 τὸ
1103 847 1248 900 σκότος
1274 848 1346 891 ὑπ’·
1376 849 1503 904 ἀλλή-

15 924 136 964 ολων
163 914 538 975 κατεπατήθησαν,
567 920 639 959 καί
664 915 813 959 πολλοί
838 931 948 965 τινες
974 912 1055 958 οἷνά
1087 919 1214 970 μέσον
1241 914 1538 972 §med-‘mamm

52 988 126 1030 καί
157 987 202 1029 ἐν
242 991 330 1034 τοῖς
367 984 576 1040 ὀρύγμασι
606 983 682 1025 τοῦ
707 980 925 1035 πολιχνίου
953 984 1082 1037 μέρος
1100 981 1343 1038 φθάσαντες
1362 982 1502 1024 αὐτῶν

51 1051 322 1100 ἀσυντάκτως
348 1065 595 1105 κατεκρημνι
626 1064 743 1092 οντο·
801 1045 923 1090 ἄλλοι
949 1050 995 1090 δὲ
1027 1049 1071 1090 ἐν
1097 1050 1154 1106 τῷ
1180 1048 1354 1105 αἰγιαλῷ
1387 1047 1503 1105 φθά-

51 1133 210 1170 σαντες,
238 1115 385 1158 πολλοί
404 1119 448 1168 ἐξ
469 1117 606 1160 αὐτῶν
636 1117 920 1170 α’πεπνίγησαν
947 1113 1017 1156 διά
1038 1113 1083 1157 τό
1105 1113 1240 1168 ε’μβάν
1269 1115 1430 1169 πλῆθος
1458 1115 1504 1157 ἔν

52 1188 140 1233 τοῖς
166 1183 364 1232 ἀκατίοις.
436 1180 476 1223 οἱ
517 1183 564 1223 δὲ
591 1181 740 1224 σκόποι
765 1183 852 1230 τοῦ
882 1179 1111 1235 Ὀρχάνου,
1141 1178 1246 1223 ὦσεί
1270 1179 1504 1234 τριακόσιοι

20 1248 233 1305 5ἔφιπποι
260 1248 512 1301 στρατιῶται
541 1241 657 1296 ὄντες
674 1278 686 1300 ,
717 1246 793 1301 τήν
823 1242 1078 1289 ἀσύντακτον
1107 1244 1245 1302 φυγὴν
1272 1245 1344 1288 καί
1370 1244 1504 1300 θόρυ-

54 1317 128 1369 βον
149 1311 325 1369 δρῶντες
341 1310 446 1366 μετὰ
469 1314 619 1368 φωνῶν
636 1312 764 1363 μόνον
782 1312 936 1360 αύτούς
964 1313 1178 1365 ἐδίωχνον,
1198 1311 1271 1354 καί
1289 1313 1505 1365 ἐγκρατεῖς

54 1381 130 1435 τῆς
157 1381 309 1434 σκηνῆς
344 1380 416 1433 τῆς
454 1380 674 1432 βασιλικῆς
712 1380 785 1420 καί
812 1377 948 1432 πάσης
973 1380 1243 1432 παρασκευῆς
1270 1379 1344 1419 καί
1369 1376 1506 1418 ἵππων

54 1447 283 1499 βασιλικῶν
301 1446 374 1486 καί
393 1444 648 1500 ἑφεστρίδων
667 1446 906 1496 πολυτίμων
924 1447 1025 1497 παρ’
1043 1444 1193 1485 ἐλπίδα
1221 1441 1361 1497 κύριοι
1387 1439 1505 1496 γεγό-

56 1526 180 1561 νασι,
226 1526 294 1551 και
341 1511 456 1564 νίκην
492 1509 677 1564 μεγάλην
716 1524 850 1563 χωρις
889 1510 1074 1562 πολέμου
1102 1510 1345 1562 ἐκέρδησαν.
1404 1505 1430 1549 ὁ
1457 1509 1504 1550 δὲ

21 1573 255 1630 οβασιλεύς
296 1574 341 1617 ἐν
375 1577 432 1631 τῷ
471 1573 668 1631 πολιχνίῳ
700 1576 842 1632 ἐκείνω
881 1576 1136 1630 προσμείνας
1173 1572 1336 1629 ἡμέρας
1367 1579 1502 1628 τρεῖς,

57 1639 164 1695 μετὰ
207 1639 336 1696 λύπης
378 1641 560 1694 μεγάλης
603 1657 672 1682 και
714 1636 910 1695 δακρύων
946 1640 1296 1694 απαραμυθήτων
1323 1656 1397 1695 την
1422 1656 1505 1681 των

53 1704 270 1760 Ρωμαίων
310 1707 539 1760 δυστυχίαν
576 1708 729 1748 κλαίων
773 1705 843 1747 ἐπι
884 1722 961 1760 την
991 1708 1310 1748 Κωνσταντίνου
1355 1707 1504 1747 ἐπανέ-

153 1826 185 1867 4
191 1822 434 1880 φιλοκρηνῆς
458 1823 482 1855 P
601 1823 631 1854 5
661 1821 725 1856 εἷα
750 1822 831 1861 πῶς
852 1819 991 1879 μικρὸν
1016 1822 1136 1867 Eup-M
1249 1834 1302 1857 ιι.
1329 1825 1444 1869 μέρος
1468 1828 1504 1856 et

154 1882 278 1905 autum
302 1881 357 1902 om
388 1871 410 1901 Ρ
534 1879 581 1900 12.
610 1869 649 1903 δὲ
679 1858 718 1905 ἓν
746 1875 821 1907 τοῖς
855 1868 1019 1907 ἀκατίοις
1047 1871 1087 1907 ἐν
1111 1870 1135 1902 P
1239 1873 1290 1905 16.
1314 1872 1505 1915 θεωροῦν-

152 1927 211 1955 τες
243 1918 294 1996 P}-
357 1915 424 1997 pc}
418 1914 624 1961 ιεδίωχνον
650 1917 675 1951 Ρ
791 1927 846 1949 20.
870 1929 991 1964 μηνας
1017 1916 1041 1951 Ρ
1185 1926 1241 1950 22.
1263 1920 1507 1954 Κωνσταντι-

153 1962 272 2000 νούπο
297 1976 333 2000 ιν

62 2087 245 2122 vesperam
271 2087 383 2122 usque
419 2076 600 2121 praeclare
636 2081 673 2109 et
691 2082 837 2110 strenue
870 2082 1096 2122 pugnarunt,
1125 2081 1166 2110 ut
1189 2077 1327 2110 'I'urcae
1354 2076 1424 2108 iam
1448 2076 1509 2109 ln—

61 2124 282 2158 clinarentur
308 2134 420 2168 prope
443 2131 480 2156 et
505 2134 638 2156 :imeras
657 2125 915 2168 percelleretur
937 2126 1077 2158 timore.
1102 2124 1166 2157 sed
1190 2124 1343 2157 diremto
1367 2123 1509 2168 proelio

62 2176 210 2216 propter
236 2171 433 2214 ingruentis
461 2171 576 2202 noetis
610 2171 795 2211 tenebras,
823 2183 934 2216 quum
972 2172 1192 2216 imperator,
1221 2172 1291 2204 levi
1320 2171 1446 2214 sagitta
1471 2170 1511 2203 in

62 2217 156 2263 pede
185 2217 407 2257 vulneratus,
437 2217 683 2258 Philocrenen,
714 2218 926 2262 oppidulum
959 2218 999 2251 in
1026 2219 1186 2263 proximo
1216 2219 1337 2258 situm,
1362 2217 1510 2249 curandi

62 2264 221 2298 vulneris
246 2275 352 2297 causa
385 2264 519 2296 intrare
545 2264 677 2305 vellet,
707 2266 828 2298 nescio
861 2276 932 2310 quo
965 2265 1072 2298 modo
1098 2265 1230 2298 factum
1268 2270 1339 2305 est,
1376 2269 1417 2296 ut
1451 2274 1509 2296 er-

64 2322 144 2344 rore
179 2311 355 2352 militum,
397 2311 474 2343 eius
511 2312 563 2343 rei
599 2322 741 2344 causam
765 2312 1024 2356 ignorantium,
1066 2312 1158 2344 fama
1183 2312 1315 2351 exiret,
1342 2311 1511 2355 perterri-

64 2362 141 2391 tum
165 2358 415 2402 imperatorem
451 2357 533 2401 fuga
561 2358 713 2390 salutem
749 2369 932 2403 quaerere.
964 2361 1087 2404 itaque
1111 2360 1228 2392 cuncti
1254 2336 1355 2391 nullo
1383 2356 1511 2390 ordine

64 2409 104 2438 et
132 2416 258 2449 magna
288 2404 521 2438 contentione
542 2429 553 2459 ’.
590 2416 610 2437 a
642 2404 785 2438 nemine
822 2406 956 2450 pressi,
990 2406 1036 2439 ad
1069 2406 1188 2450 sugam
1214 2404 1445 2444 incumbunt,
1471 2403 1511 2437 in

64 2450 147 2496 fuga
171 2457 318 2496 propter
351 2450 519 2484 tenebras
544 2452 694 2485 invicem
718 2453 996 2494 conculcantur,
1029 2458 1066 2486 et
1089 2464 1162 2486 non
1187 2451 1290 2496 pauci
1318 2451 1512 2484 laeduntur

64 2498 239 2542 graviter:
276 2509 357 2543 pars
384 2498 420 2530 in
446 2498 555 2531 fossas
591 2498 717 2543 oppidi
741 2500 889 2531 confuse
914 2510 952 2532 se
979 2499 1241 2544 praecipitant·
1267 2498 1329 2531 alii
1354 2497 1399 2530 ad
1424 2497 1511 2531 litus

65 2545 178 2577 delati
205 2543 354 2589 scaphas
379 2545 586 2584 inveniunt,
613 2544 826 2590 quibuscum
849 2547 956 2579 nimia
981 2545 1218 2579 multitudine
1242 2546 1392 2588 gravatis
1408 2544 1513 2578 multi

66 2596 357 2635 summer-guntur.
382 2592 625 2636 speculatores
638 2591 821 2634 Orchanis‚
846 2594 987 2637 equites
1003 2593 1143 2625 circiter
1165 2591 1328 2633 trecenti,
1352 2590 1515 2624 animad-

67 2648 167 2671 versa
203 2649 324 2671 eorum
361 2638 596 2671 tumultuaria
629 2639 711 2683 fuga
744 2645 781 2673 et
822 2639 1116 2684 perturbatione,
1146 2639 1300 2671 clamore
1338 2638 1514 2671 duntaxat

69 2694 130 2717 eos
154 2685 330 2726 insecuti,
356 2684 588 2718 tabernaculo
614 2686 840 2730 imperatoris
867 2698 944 2720 cum
969 2686 1066 2718 omni
1091 2691 1282 2730 apparatu,
1307 2684 1410 2730 equis
1436 2685 1514 2718 eius

71 2736 107 2763 et
129 2731 293 2775 pretiosis
324 2732 548 2765 vestimentis
585 2738 728 2777 praeter
777 2744 875 2778 spem
906 2733 1094 2778 potiuntur
1129 2738 1166 2766 et
1197 2732 1410 2776 praeclaram
1452 2742 1515 2764 re-

70 2782 215 2823 portant
239 2778 423 2813 victoriam
460 2780 547 2813 citra
584 2790 749 2826 pugnam.
800 2781 992 2828 imperator
1030 2781 1066 2814 in
1113 2779 1285 2827 oppidulo
1328 2779 1391 2812 illo
1438 2783 1511 2813 tres
