1806 3190
540 185 640 224 LlB.
669 185 721 222 u.
770 181 889 223 CAP.
915 181 1004 220 xn.
1397 158 1497 232 175

58 301 154 334 νους
197 285 279 326 τῶν
315 282 531 326 Ἰουδαίων
574 280 648 334 τὴν
674 280 887 322 διάνοιαν·
965 269 1296 332 ἀποκαταστήσει
1331 277 1377 319 δὲ
1405 275 1502 328 τούς

59 349 414 406 εὑρεθησομένους
431 348 657 402 τηνικαῦτα
673 344 778 399 πρὸς
798 343 874 399 τὴν
894 345 954 393 εἰς
973 342 1159 399 Χριστὸν
1180 344 1318 385 πίστιν
1346 342 1501 397 εὐγνώ-

60 432 191 471 μονας
219 415 279 463 εἰς
308 416 500 470 πατρῷον
529 412 584 461 ὥς
612 411 708 466 περὶ
734 411 806 466 τὴν
840 411 1060 464 εὐσέβειαν
1086 411 1262 464 κλῆρον,
1290 409 1421 450 πάλαι
1447 409 1502 451 δι’

11 493 15 495 “
62 479 260 530 ἀπιστίας
287 478 600 527 ἐκπεπτωκότας
627 478 773 519 αὐτοῦ.
825 475 912 518 (καὶ
939 477 1115 530 καρδίαν
1142 475 1372 530 ἀνθρώπου
1402 474 1504 531 πρὸς

26 547 133 592 δτὸν
162 545 335 601 πλησίον
368 545 530 586 αὐτοῦ’·
559 544 633 585 καί
658 541 759 590 τούς
787 537 1001 597 ἆδελφοὺς
1027 540 1106 595 γὰρ
1138 540 1342 597 ἀδελφικὰ
1364 558 1505 595 παρα-

63 611 259 656 σκευάσει
288 615 469 667 φρονεῖν.
500 612 571 651 καί
602 607 767 656 δεικνὺς
799 606 872 649 τὸν
898 606 1049 649 σκοπὸν
1079 608 1132 648 δι’
1161 603 1208 648 ὃν
1228 608 1379 656 εΗλίας
1398 607 1503 662 πρό..

65 694 182 732 τερος
208 677 504 730 παραγίνεται,
534 673 714 728 ἐπήγαγε
736 671 816 727 ζμὴ
860 671 995 714 ε’λθών
1022 673 1190 723 πατάξω
1219 672 1293 727 τήν
1321 677 1397 728 γῆν
1425 677 1501 731 α’ρ-

67 743 174 800 aqu?
213 745 282 784 ἵνα
319 740 376 795 μὴ
411 739 548 797 εὑρών
579 742 693 792 ὑμᾶς
721 737 906 788 ἅπαντας
943 738 986 780 ἐν
1013 738 1186 795 ἀπιστίᾳ
1213 741 1272 789 εἰς
1305 739 1379 795 την
1411 742 1504 782 α’τε-

67 810 264 864 λεύτητον
296 807 468 848 κόλασιν
496 809 782 859 παραπέμψω.
840 806 1022 846 ἐνταῦθα
1052 806 1403 861 περιφανέστερον
1431 807 1508 862 τήν

29 876 272 928 οδευτέραν
300 873 372 915 καί
407 871 595 928 φοβερὰν
633 873 708 924 τοῦ
745 874 893 926 κυρίου
931 874 1167 926 παρουσίαν
1210 873 1403 928 ἐνέφηνε·
1459 878 1510 931 τῇ

66 942 149 996 γὰρ
178 940 358 995 προτέρᾳ
387 939 462 980 ουἰι
482 933 585 992 ἦλθε
610 936 685 992 τὴν
721 939 796 992 γῆν
824 933 1008 986 πατάξαι
1037 935 1143 978 ἀλλὰ
1159 939 1308 979 σῶσαι.
1365 935 1429 995 ἆρ’
1459 942 1511 981 ου’

69 1007 262 1062 φανερῶς
291 1003 363 1045 καί
400 1004 695 1059 η’κριβωμένως
739 1005 812 1046 καί
849 1003 1092 1058 ἀμφοτέρας
1121 1001 1194 1052 τοὶς
1223 1007 1297 1046 τοῦ
1325 1007 1511 1061 σωτῆρος

69 1071 252 1126 ἐδήλωσε
279 1071 542 1124 παρουσίας,·
578 1068 603 1123 ἦ
631 1071 709 1121 μὲν
741 1068 819 1123 γὰρ
862 1065 942 1123 ἤδη
970 1070 1180 1123 γεγένηται
1199 1100 1211 1121 ,
1241 1072 1512 1124 θαυμασίους

69 1138 169 1192 ἡμῖν
199 1132 382 1191 ὄμβρους
408 1132 671 1188 ἐπιβλύσασα
698 1134 974 1190 χαρισμάτων
992 1152 1001 1160 ·
1059 1134 1084 1188 ἦ
1115 1136 1161 1177 δὲ
1189 1133 1293 1190 πρὸς
1319 1138 1377 1194 τῷ
1403 1140 1511 1180 τέλει

34 1205 145 1251 5τοῦ
172 1201 374 1256 παρόντος
403 1202 549 1250 αἰῶνος
577 1198 817 1255 γενήσεται,
850 1200 1033 1249 εὐθύνας
1062 1202 1144 1243 τῶν
1173 1197 1331 1260 ἑκάστῳ
1359 1206 1511 1256 βεβιω-

68 1273 203 1322 μένων
233 1267 557 1321 εἰσπράττουσα.
624 1267 664 1308 εἰ
691 1262 765 1308 οὖν
794 1265 868 1321 τήν
898 1266 969 1308 ε’πί
1000 1265 1047 1308 τὸ
1077 1268 1214 1309 σιόσαι
1245 1265 1371 1320 μόνον
1394 1284 1511 1324 γεγε..

67 1338 245 1390 νημένην
284 1333 395 1388 παρὰ
430 1335 589 1389 φαῦλον
628 1332 820 1388 ἡγεῖσθε,
852 1332 926 1387 την
957 1334 1003 1375 δὲ
1030 1334 1093 1374 ἐπ’
1116 1333 1300 1390 εὐθύνην
1325 1329 1510 1389 ἄγουσαν

66 1403 142 1443 τοῦ
170 1399 365 1442 Μεσσιόυ
395 1399 630 1453 παρουσίαν
657 1400 907 1453 ἐπιζητεῖτε,
946 1404 1131 1441 σκοπεῖτε
1159 1399 1216 1454 μὴ
1246 1399 1324 1454 πρὸ
1355 1399 1512 1455 ἐκείνης

70 1467 223 1522 λάθητε
269 1466 378 1522 λύκῳ
417 1463 658 1518 προσιόντες
695 1465 789 1507 α’ντί
814 1465 1007 1517 ποιμένος
1044 1468 1116 1507 καί
1143 1469 1200 1524 τῷ
1229 1469 1306 1508 τοῦ
1325 1468 1513 1522 α’ντιχρί-

34 1549 167 1580 οστου
194 1533 374 1585 στόματι
402 1532 648 1586 περιπέσητε
689 1530 762 1572 καί
787 1529 867 1572 οὖν
894 1532 1033 1588 ἐκείνῳ
1063 1534 1121 1590 τῷ
1149 1530 1253 1586 πυρὶ
1278 1535 1335 1589 τῷ
1359 1534 1513 1591 αἰωνίῳ

70 1595 441 1654 παραπεμπόμενοι
481 1596 657 1651 α’νόνητα
695 1596 1057 1652 μετακλαύσησθε.
1128 1595 1158 1652 ἦ
1199 1599 1250 1640 ου’
1273 1597 1346 1640 καί
1368 1602 1512 1642 τοῦτον

71 1666 175 1720 μετὰ
200 1662 276 1720 τὴν
303 1666 379 1706 τοῦ
406 1661 561 1717 χρόνον
592 1663 781 1718 περίοδον
808 1662 877 1704 καὶ
906 1664 989 1706 τῶν
1018 1662 1187 1720 ἡμερῶν
1214 1666 1345 1708 αὐτοῦ
1373 1667 1511 1721 ε”ξαρί-

166 1788 198 1821 3.
227 1785 352 1832 ὥσπερ
381 1781 471 1828 τῆνῖ
498 1786 610 1821 πάλιν
633 1785 658 1818 Ρ
823 1787 854 1819 5.
881 1781 1027 1833 ἀδελφοὶ
1057 1787 1081 1819 Ρ
1219 1790 1252 1823 6.
1278 1787 1462 1834 πρότερον
1487 1788 1512 1820 Ρ

173 1847 222 1868 ιι.
247 1832 312 1878 τὴν
336 1834 404 1879 γῆν
428 1834 523 1866 οηιΡ
625 1835 674 1866 13.
703 1836 929 1880 θαυμασίοις
954 1834 1051 1881 ἡμῖὶς
1081 1832 1233 1882 ὄμβροις
1257 1835 1294 1868 Μ
1394 1837 1443 1880 14.
1469 1832 1510 1869 τὸ

166 1883 265 1920 τέλος
291 1882 314 1913 P
439 1882 487 1915 16.
517 1880 570 1926 εἰ]
594 1879 697 1926 ὑμεῖς
720 1879 743 1911 Ρ

76 1997 232 2042 ipsorum
270 1983 304 2026 h‘.
332 2005 362 2027 e.
399 1993 641 2038 apostolorum
677 1991 872 2026 doctrinam
909 1993 1044 2026 animos
1069 1999 1205 2039 patrum
1235 1996 1258 2028 i.
1289 2007 1318 2028 e.
1357 2000 1511 2029 mentem

77 2043 214 2088 generis
227 2040 373 2074 Iudaici.
403 2045 586 2074 convertet
611 2045 728 2072 autem
754 2051 841 2085 quos
859 2046 943 2074 tunc
970 2041 1148 2075 invenerit
1173 2042 1219 2075 ad
1243 2042 1347 2076 fidem
1372 2042 1516 2084 Christi,

77 2089 178 2136 quasi
205 2087 251 2121 ad
275 2093 460 2133 paternam
483 2087 626 2132 pietatis
653 2094 795 2127 sortem,
822 2087 916 2121 unde
942 2087 1079 2132 pridem
1103 2095 1250 2134 propter
1266 2089 1514 2123 infidelitatem

78 2135 299 2171 exciderunt.
319 2133 383 2168 “et
419 2146 479 2168 cor
504 2134 659 2167 hominis
696 2133 741 2166 ad
763 2132 941 2167 hominem
968 2135 1179 2169 convertet”
1206 2137 1328 2170 fratres
1361 2137 1453 2169 enim
1478 2141 1517 2170 ut

79 2194 200 2218 sensus
229 2182 401 2216 fraternos
427 2180 580 2214 induant
608 2181 723 2214 faciet.
767 2180 896 2214 deinde
923 2182 1095 2216 rationem
1115 2184 1311 2228 explicans,
1340 2183 1385 2216 ob
1411 2195 1516 2228 quam

79 2230 174 2264 Elias
202 2230 299 2275 prius
328 2234 496 2261 venturus
537 2229 594 2268 sit,
628 2227 728 2260 addit
747 2226 824 2261 “ne
848 2228 1038 2262 adveniens
1067 2235 1194 2264 terram
1220 2231 1363 2275 penitus
1390 2242 1516 2275 percn-

81 2275 193 2310 tiam''
219 2277 242 2308 i.
269 2288 300 2309 e.
329 2287 374 2308 ne
402 2287 460 2309 vos
490 2286 610 2308 omnes
639 2274 801 2308 infideles
830 2282 986 2320 repertos
1015 2276 1060 2310 ad
1090 2278 1303 2323 supplicium
1330 2278 1515 2323 sempiter-

80 2336 165 2358 num
192 2323 387 2356 detrudam.
417 2328 523 2367 atque
551 2321 606 2354 his
632 2322 777 2367 quidem
801 2322 915 2355 verbis
929 2323 1122 2358 secundum
1152 2331 1187 2358 et
1213 2325 1421 2358 horribilem
1447 2323 1515 2358 do-

82 2371 169 2405 mini
197 2369 387 2403 adventum
416 2370 542 2402 clarius
566 2370 785 2413 significavit.
815 2371 910 2414 prius
929 2371 1021 2404 enim
1048 2377 1176 2405 terram
1201 2383 1274 2405 non
1302 2383 1515 2417 percussum,

83 2417 146 2452 sed
170 2417 341 2450 salvatum
369 2417 478 2450 venit.
505 2427 625 2450 nonne
646 2417 753 2460 igitur
774 2416 963 2451 manifesto
993 2423 1030 2452 et
1055 2424 1215 2452 accurate
1244 2418 1422 2464 duplicem
1447 2419 1518 2453 sal·

82 2464 212 2498 vatoris
239 2463 428 2497 adventum
458 2463 694 2508 significavit?
729 2475 817 2496 unus
842 2465 910 2496 iam
938 2466 1067 2506 evenit,
1104 2477 1176 2511 quo
1202 2465 1415 2499 admirandis
1441 2477 1519 2510 gra-

83 2513 211 2545 tim-um
240 2510 411 2544 imbribus
426 2511 558 2555 irrigati
590 2522 729 2553 sumus3
753 2511 843 2544 alter
867 2510 932 2544 sub
960 2512 1065 2546 finem
1091 2513 1196 2546 huius
1221 2512 1343 2546 mundi
1368 2514 1520 2554 eveniet,

85 2570 157 2604 quo
187 2558 298 2591 totius
332 2558 424 2590 vitae
453 2557 496 2590 ab
538 2569 756 2605 unoquoque
782 2563 944 2603 peractae
973 2559 1061 2592 ratio
1087 2565 1276 2604 repetetur.
1303 2559 1430 2605 quodsi
1455 2559 1520 2593 ad-

85 2610 228 2638 ventum
254 2615 346 2645 eum,
371 2605 433 2649 qui
460 2609 595 2638 tantum
633 2604 679 2637 ob
717 2605 865 2638 salutem
891 2604 1073 2639 hominum
1117 2612 1297 2652 susceptus
1327 2612 1390 2647 est,
1416 2607 1520 2641 nihili

85 2652 290 2691 aestimatis,
319 2651 416 2684 iilius
441 2657 572 2692 autem,
596 2663 668 2697 quo
695 2653 782 2685 ratio
811 2651 927 2685 danda
955 2653 1033 2693 erit,
1062 2654 1233 2687 tenemini
1247 2653 1434 2694 desiderio,
1461 2665 1520 2687 ea-

86 2703 184 2734 vete.
214 2709 258 2730 ne
285 2703 367 2730 ante
396 2697 547 2731 eundem
566 2698 810 2744 imprudenter
834 2699 956 2743 lupum
971 2711 1035 2743 pro
1051 2706 1191 2744 pastore
1217 2701 1404 2735 inveniatis
1432 2713 1520 2734 neve

88 2746 125 2778 in
155 2745 271 2778 fauces
296 2744 495 2778 antichristi
531 2745 695 2779 incidatis
732 2751 767 2778 et
804 2757 881 2778 cum
908 2746 984 2790 ipso
1024 2746 1060 2780 in
1085 2747 1202 2791 ignem
1225 2754 1407 2783 aeternum
1434 2760 1520 2782 con—
