1806 3190
558 158 656 198 Lm.
695 159 768 198 m.
808 156 928 199 CAP.
967 158 1079 200 vm.
1422 138 1534 212 289

69 249 239 304 ,σμοός,
269 254 349 295 τῶν
377 253 551 308 εὐγενῶν
580 252 804 309 ἀρχουσῶν
847 258 921 298 καί
947 258 1168 312 παρθένων
1196 256 1269 297 καί
1292 255 1457 310 α’φιερω
1494 257 1536 288 0'-

91 334 172 360 νων
198 320 253 373 τῷ
288 319 373 375 θεῷ
401 322 644 373 συρομένων
677 319 760 362 ὑπὸ
792 323 875 364 τῶν
907 321 1106 375 Τοόρκων
1147 319 1220 362 διὰ
1245 322 1326 362 τῶν
1356 322 1535 373 ἑθείρων

0 411 6 420 .
40 381 49 414 ',
91 384 165 424 καί
187 382 327 435 κόμων
351 383 423 425 καί
447 386 670 438 πλοκάμων
696 390 772 440 τῆς
803 389 987 442 κεφαλῆς
1016 386 1173 437 ἔξωθεν
1203 389 1283 428 τῶν
1310 386 1535 441 ἐκκλησιῶν

0 450 4 466 ³
90 447 195 501 μετὰ
223 448 421 503 ὀδυρμῶν
454 450 650 505 ἀνηλεῶς,
680 450 756 505 τὴν
781 451 888 506 βοὴν
905 453 980 493 καί
997 451 1218 505 κλαυθμόν
1243 453 1327 493 ταῖν
1351 452 1530 503 παίδων,

40 511 188 572 ῑβτούς
215 512 354 568 ἱερούς
369 513 442 556 καί
467 516 610 569 ἁγίους
630 515 768 565 οἴκους
787 519 1148 570 λεηλατισμὲνους,
1174 515 1220 559 τὸ
1243 517 1450 572 φρικῶδες
1466 517 1540 558 καί

0 609 2 616 r
30 579 53 633 ,J
91 579 348 632 α’κουόμενον
381 582 442 629 τίς
470 579 730 636 διηγήσεται,
760 576 810 636 ἦν
840 581 945 636 ὅρᾶν
968 581 1016 624 τὸ
1044 585 1161 625 θεῖον
1184 578 1291 634 αἷμα
1316 584 1389 624 καί
1412 585 1536 635 σῶμα

0 665 4 694 f
31 668 46 702 g
92 647 291 699 Χριστοῦ
313 644 418 687 κατὰ
446 649 521 700 γῆς
548 647 750 700 χεόμενον
777 648 849 688 καί
875 645 1140 703 ῥιπτόμενον,
1169 650 1243 689 καί
1268 646 1319 690 τοὶ
1347 649 1539 704 τιμαλφῆ

30 712 38 735 ’·
91 712 238 764 ὸόχεῑα
261 709 408 752 τούτου
436 710 690 765 ἁρπάζοντες
709 711 760 753 τά
782 714 861 765 μὲν
884 714 1111 767 διέθραυον
1129 712 1181 754 τὰ
1203 715 1250 755 δὲ
1272 715 1363 756 σῶα
1378 715 1538 756 ἐνεκολ-

90 777 282 828 πίζοντο,
317 778 389 818 καί
423 777 520 825 τούς
545 779 923 833 ἐγκεκοσμημὲνους
949 777 1132 831 κόσμους
1166 780 1318 832 ὁμοίως
1356 778 1537 832 ἐποίουν,

0 839 164 897 ’.,”οκαι“
188 840 264 889 τὰς
303 842 424 895 ἁγίας
464 843 626 892 εἰκόνας
652 843 756 896 μετὰ
786 846 956 898 χρυσοῦ
981 843 1054 886 καί
1086 844 1275 900 α’ργύρου
1304 844 1377 886 καὶ
1406 847 1538 887 λίθων

92 909 330 958 πολυτιζιιων
349 906 622 962 κατεπάτουν,
650 908 722 950 καί
752 907 852 958 τούς
879 909 1059 962 κόσμους
1087 909 1271 964 αἴροντες
1298 912 1440 960 κλίνας
1467 913 1541 952 καί

89 975 298 1026 τραπέζας
322 972 500 1025 ἐποίουν,
538 977 610 1014 καί
636 975 741 1025 μετὰ
770 976 853 1016 τῶν
881 973 1101 1029 ἱερατικῶν
1126 978 1286 1018 στολῶν
1314 978 1387 1018 καί
1416 978 1539 1017 ἐνδυ-

89 1038 237 1090 μάτων
269 1039 352 1079 τῶν
381 1038 426 1079 ἐκ
454 1040 637 1092 σηρικαῖν
657 1040 729 1081 καί
742 1041 1080 1096 χρυσοϋφάντων
1109 1036 1236 1083 ὄντων
1258 1041 1358 1091 τούς
1383 1044 1538 1090 ἵππους

93 1105 332 1155 ἐσκέπαζον,
366 1106 439 1144 καί
465 1099 585 1145 ἄλλοι
613 1106 677 1146 ἐπ’
705 1107 848 1154 αὐτοῖς
868 1100 1030 1160 ἤσθιον,
1059 1109 1132 1148 καί
1159 1098 1259 1155 τοῦς
1284 1109 1538 1160 πολυτίμους

90 1166 335 1221 μαργοίρους
373 1172 454 1210 τῶν
492 1169 623 1223 ἁγίων
659 1174 883 1226 κειμηλίων
917 1172 1211 1227 ἀναρπάστους
1252 1173 1446 1225 ἐποίουν,
1482 1171 1537 1214 τοὶ

91 1229 193 1286 ἅγια
221 1235 401 1282 λείψανα
423 1237 764 1284 καταπατοῦντες.
793 1239 866 1278 καί
881 1235 1004 1290 ἕτερα
1024 1237 1391 1293 α’νοσιουργήματα
1421 1242 1540 1279 πλεῖ..

91 1315 170 1340 στα
200 1299 368 1340 ἐποίουν
398 1295 495 1351 ἄξια
523 1301 684 1354 θρήνου
713 1300 751 1343 οἱ
794 1303 870 1343 τοῦ
904 1302 1173 1356 α’ντιχρίστου
1203 1302 1445 1358 πρόδρομοι.
1503 1300 1540 1344 οἳ

89 1365 171 1405 ταῖν
210 1367 352 1418 σοφῶν
379 1380 455 1406 σου
484 1364 716 1418 κριμάτων,
749 1370 911 1422 Χριστὲ
938 1371 1144 1421 βασιλεῦ,
1174 1367 1231 1417 ὥς
1257 1368 1541 1423 ἀνερμήνευτα

92 1430 164 1469 καί
189 1430 479 1482 α’νεξιχνιάστὰ
506 1433 599 1473 εἰσι.
655 1432 728 1473 καί
749 1429 799 1485 ἦν
826 1435 931 1475 ἰδεῖν
969 1431 1043 1475 τόν
1071 1437 1356 1487 παμμέγιστον
1383 1437 1540 1477 ἐκεῖνον

94 1492 195 1535 ναὸν
237 1494 311 1535 καί
347 1496 564 1538 θειότατον
604 1499 678 1551 τῆς
704 1501 777 1539 τοῦ
808 1501 913 1539 θεοῦ
952 1502 1125 1554 σοφίας,
1154 1498 1226 1541 τόν
1257 1499 1438 1554 οὐρανὸν
1463 1499 1538 1542 τόν

91 1560 284 1613 ἐπίγειον,
315 1560 386 1602 τὸν
411 1560 564 1615 θρόνον
582 1565 652 1618 τῆς
671 1561 793 1619 δόξης
819 1565 896 1605 τοῦ
921 1566 1043 1618 θεοῦ,
1070 1564 1116 1606 τὸ
1147 1564 1405 1619 Χερουβικὸν
1435 1560 1538 1620 ὅχη-

87 1640 149 1676 μα
182 1626 252 1666 καί
269 1628 484 1679 στερέωμα
514 1628 718 1683 δεύτερον,
747 1628 821 1684 την
841 1632 947 1671 θεοῦ
964 1633 1121 1685 χειρῶν
1145 1634 1323 1685 ποίησιν,
1352 1631 1396 1672 τό
1428 1633 1535 1672 θέα..

87 1707 149 1743 μα
178 1693 250 1733 καί
279 1690 398 1747 ἔργον
414 1689 542 1747 ἄξιον,
571 1694 615 1737 τὸ
644 1695 778 1751 πάσης
802 1698 876 1751 τῆς
892 1697 968 1752 γῆς
995 1692 1252 1751 ιῖγαλλίαμα,
1285 1696 1359 1739 τὸν
1379 1696 1535 1753 ὦριιῖον

184 1812 217 1834 2.
246 1801 399 1849 εἶθ-ἤρων
425 1805 450 1838 Ρ
577 1807 609 1839 5.
638 1805 767 1846 ἄλλους
790 1808 815 1842 Ρ
935 1807 986 1840 13.
1014 1806 1133 1842 ὄντων
1158 1818 1213 1840 οιη
1240 1808 1264 1841 P
1389 1819 1445 1842 22.
1471 1812 1535 1844 καὶ

186 1853 377 1897 στερέωμα
401 1870 447 1876 -
469 1855 623 1895 ποίησιν
646 1865 703 1886 om
727 1854 752 1887 P
871 1856 999 1901 θέαμα
1023 1849 1064 1889 τὸ
1095 1854 1199 1894 ἄξιον
1225 1855 1250 1888 Ρ

90 1961 261 1995 atrociter
280 1973 406 2007 magno
438 1964 576 1998 eiulatu
605 1976 648 1999 ex
674 1966 832 1999 ecclesiis
862 1965 1125 2000 avellebantur.
1153 1966 1323 1999 clamores
1349 1970 1386 1999 et
1411 1965 1534 2011 plora-

88 2013 146 2041 tus
172 2019 386 2053 puerorum,
419 2018 617 2045 sanctarum
646 2013 788 2046 aedium
826 2013 1006 2058 sacrilegia
1034 2019 1070 2047 et
1093 2014 1121 2046 si
1147 2013 1236 2058 quid
1260 2012 1360 2046 aliud
1383 2013 1533 2047 horren-

88 2053 196 2095 dum,
219 2057 298 2101 quis
321 2057 410 2090 haec
440 2059 606 2093 enarret?
639 2066 715 2092 erat
750 2060 869 2093 videre
895 2060 1026 2093 Christi
1064 2059 1222 2093 divinum
1262 2060 1470 2103 sanguinem
1496 2066 1533 2094 et

88 2111 216 2146 corpus
241 2103 278 2136 in
302 2108 429 2137 terram
459 2106 595 2139 effundi
625 2111 661 2139 ct
694 2107 840 2150 profici,
879 2118 976 2140 sacra
1001 2117 1080 2140 vasa
1106 2107 1212 2152 diripi
1237 2112 1274 2140 et
1300 2107 1430 2151 partim
1458 2106 1532 2140 ‹lif-

88 2147 192 2191 fringi
215 2150 343 2193 partim
373 2152 510 2195 integra
535 2152 572 2185 in
600 2153 715 2185 sinum
739 2153 920 2187 abscondi.
939 2153 1087 2198 perinde
1117 2154 1162 2186 de
1180 2159 1306 2186 ornatu
1337 2153 1530 2193 faciebant,

87 2201 223 2228 sanctas
248 2197 432 2242 imagines,
458 2210 557 2239 auro,
585 2206 729 2243 argento
750 2206 785 2234 et
810 2200 944 2245 lapillis
968 2201 1135 2245 pretiosis
1164 2200 1358 2239 decoratas,
1383 2200 1531 2233 concul-

87 2241 228 2282 cabant,
255 2248 292 2276 et
317 2251 523 2278 ornamenta
541 2247 737 2291 spoliantes
759 2247 797 2279 in
817 2248 968 2280 lectulos
997 2252 1034 2280 et
1054 2258 1191 2280 mensas
1216 2246 1447 2286 adhibebant,
1473 2258 1531 2279 sa·

87 2287 331 2323 cerdotalibus
348 2292 450 2324 stolis
474 2297 509 2325 et
528 2294 762 2333 vestimentis,
781 2299 854 2326 tum
873 2294 994 2327 sericis
1018 2299 1092 2327 tum
1121 2305 1207 2326 auro
1232 2294 1389 2333 intextis,
1417 2304 1528 2338 equos

87 2335 297 2370 sternebant
320 2343 382 2370 aut
406 2349 468 2383 pro
498 2340 636 2384 mappis
665 2341 866 2380 utebantur,
895 2341 1067 2386 pretiosas
1091 2351 1209 2373 sacrae
1233 2351 1337 2383 gazae
1361 2341 1530 2383 margari-

85 2386 140 2414 tas
166 2383 381 2427 spoliabant,
408 2386 513 2419 sacris
545 2387 708 2432 reliquiis
733 2387 832 2420 humi
857 2388 1028 2432 protritis.
1054 2387 1123 2419 alia
1154 2387 1332 2431 permulta
1362 2398 1527 2420 exsecra·

62 2438 65 2441 ⁴
85 2428 220 2461 tissima
259 2435 296 2464 et
320 2431 474 2465 lacrimis
499 2433 748 2478 prosequenda
774 2435 935 2468 facinora
974 2444 1221 2478 praecursores
1245 2433 1301 2465 illi
1325 2433 1528 2467 antichristi

83 2476 283 2519 patrabant.
312 2489 333 2510 ο
363 2479 618 2522 sapientissima
651 2485 712 2513 tua
747 2481 907 2520 consilia,
942 2480 1081 2514 Christe
1109 2491 1180 2519 rex,
1207 2490 1311 2524 quam
1340 2486 1424 2514 sunt
1445 2479 1528 2513 abs-

84 2521 240 2555 condita
259 2529 296 2557 et
330 2523 598 2563 inscrutabilia!
628 2534 703 2561 erat
733 2539 837 2572 porro
865 2527 987 2560 videre
1020 2528 1210 2560 maximum
1247 2526 1340 2558 illud
1374 2532 1411 2560 et
1435 2526 1528 2560 divi-

84 2568 268 2602 nissimum
304 2572 475 2616 templum
508 2574 709 2618 sapientiae
736 2574 816 2613 dei,
851 2575 990 2607 coelum
1023 2579 1202 2613 terrestre,
1240 2573 1364 2606 seuam
1392 2573 1525 2618 gloriae

85 2612 164 2654 dei,
190 2616 426 2650 Cherubicum
461 2618 663 2652 vehiculum
702 2626 738 2654 et
763 2621 1019 2653 firmamentum
1053 2620 1216 2658 alterum,
1244 2631 1332 2664 opus
1357 2631 1526 2653 manuum

85 2658 156 2701 «lei,
180 2665 420 2707 spectaculum
458 2666 622 2699 eximium
656 2672 693 2700 et
731 2668 840 2700 totius
874 2667 970 2699 orbis
999 2671 1168 2699 terrarum
1198 2666 1329 2707 lumen,
1353 2667 1526 2712 templum

85 2706 176 2741 illud
202 2710 346 2754 elegans
374 2717 410 2746 et
434 2712 657 2757 elegantibus
677 2715 888 2760 elegantius,
911 2714 1004 2747 intra
1025 2713 1123 2746 cuius
1143 2712 1250 2757 adyta
1278 2718 1316 2747 et
1338 2725 1444 2760 supra
1472 2714 1526 2747 al-

151 2776 366 2814 Plu-annes.
1251 2792 1290 2828 ¹9
