1806 3190
194 153 265 192 DE
297 147 773 192 THESSALOMOENS}
813 148 1031 193 1⁴:xc1mo
1051 149 1347 216 NARRATno.
1394 130 1504 204 5¹9

70 251 296 294 δεδωκέναι
331 247 404 292 καὶ
440 247 577 304 πλήρη
615 247 806 303 καθάπερ
847 250 919 291 καί
950 247 994 291 τὸ
1023 250 1120 304 πρὶν
1149 250 1503 304 ἀποκαταστῆσαι.

70 318 143 358 καί
169 312 218 370 ἦν
252 313 304 356 ἂν
331 316 452 357 τοῦτο
478 317 566 368 μετ’
601 315 653 355 ου’
679 313 800 367 πολύ,
829 315 867 357 εἰ
896 313 955 369 μη
984 314 1035 356 τοὶ
1064 315 1244 368 ἡμέτερα
1272 314 1372 368 πρὸς
1404 314 1505 355 θεὸν

71 380 243 434 κώλυμα
273 383 412 435 γέγονε
438 382 692 432 πταίσματα.
748 381 868 438 πόθῳ
893 378 972 436 γάρ
1002 382 1075 422 τοῦ
1099 383 1300 435 συστῆναι
1334 379 1409 434 την
1435 379 1504 421 πό·

72 452 139 489 λιν
167 446 470 502 φιλανθρώπου
500 446 663 500 γνώμης
681 445 822 500 τυχών
839 444 1030 500 ἐβούλετο
1059 447 1166 488 πᾶσί
1186 461 1230 488 τε
1259 437 1506 499 ἐλευθερίαν

35 516 59 556 5
69 514 349 568 χαρίσασθαι,
382 514 456 554 καί
483 513 628 553 δοῦναι
656 511 831 563 τούτοις,
863 509 920 560 ὥς
943 510 1150 568 προύφην,
1179 511 1309 566 αὐτὴν
1337 513 1409 553 καί
1431 510 1506 560 τὰς

72 578 215 620 αΰτῶν
241 579 371 626 οἰκίας
393 576 450 626 ὥς
491 576 589 631 πρὶν
615 576 717 629 μετὰ
753 578 888 632 πάσης
921 577 1066 626 ἀδείας
1093 580 1340 631 κεκτῆσθαι,
1369 578 1442 620 καί
1468 577 1511 619 εἴ

70 659 111 686 τι
142 645 303 697 προσῆν
331 643 519 698 ἀκίνητον
546 644 698 696 ἕτερον.
755 645 815 700 τῷ
842 658 906 684 τοι
932 644 1003 684 καί
1031 641 1136 697 πρὸς
1166 642 1261 693 τοὺς
1289 644 1395 699 ἄμφ’
1427 643 1506 684 αὕ-

70 706 140 750 τὸν
162 709 275 764 φασί
297 725 403 758 τινες
424 707 706 761 ἐπομνύμενον
732 707 913 763 λογάδας
951 711 1080 751 εἰπεῖν
1106 709 1161 759 ὥς
1190 705 1333 751 ἄδικον
1364 705 1415 750 ἂν
1443 708 1506 763 εἴη

71 772 174 827 μετὰ
205 775 289 816 ταῖν
325 771 562 829 προσόντων
601 780 686 824 τοῖς
723 777 964 830 κρατηθεῖσι
1000 776 1072 816 καί
1105 774 1278 824 τούτους
1306 773 1414 817 ἑλεῖν
1441 777 1508 816 ‹ls-

14 857 62 886 10
73 841 222 891 σμίους
262 840 336 880 καί
359 841 432 893 τῆς
460 841 727 895 ἐνεγκαμένης
757 840 1000 894 ἀπαγαγεῖν.
1057 841 1407 895 ἐλευθερώσωμεν
1436 837 1508 883 οὖν

75 904 252 958 αΰτούς,
280 906 321 947 εἰ
356 906 478 959 δοκεῖ,
510 904 538 961 ἢ
569 904 764 959 λαβόντες
796 908 961 960 λύτρων
996 902 1096 948 ἄνευ
1124 905 1294 960 αὐτούς,
1325 904 1352 963 ἢ
1381 908 1507 949 ταῦτα
1523 917 1583 951 36ι

70 969 383 1025 παρεσχηκότες
422 971 554 1026 ἡμεῖς.
624 973 705 1014 τῶν
751 973 788 1013 δ’
829 972 1066 1027 ἀκηκοότων
1107 971 1206 1022 τούς
1245 975 1322 1025 μὲν
1358 969 1508 1022 ἄλλους

71 1038 290 1078 ἐπαινέσαι
316 1052 359 1078 τε
392 1036 464 1079 τὸν
497 1037 616 1091 λόγον
645 1036 718 1079 καί
752 1041 1042 1093 παρακαλέσαι
1071 1037 1173 1093 πρὸς
1199 1041 1331 1091 τοῦτο,
1361 1041 1432 1081 ἕνα
1462 1041 1508 1081 δὲ

70 1104 156 1144 τῶν
183 1098 321 1144 ἄλλων
353 1106 588 1158 στρατηγῶν
615 1103 869 1157 ἐξοχώτατον
883 1104 940 1159 μη
963 1102 1090 1158 μόνον
1116 1107 1191 1146 ουίι
1221 1107 1511 1156 α’ποδέξασθαι

13 1173 61 1216 15
75 1167 120 1211 τὸ
154 1165 285 1224 ῥηθὲν
329 1168 400 1210 διὰ
430 1168 505 1224 την
540 1171 802 1225 ἐλευθερίαν,
840 1169 947 1212 ema·
983 1173 1055 1214 καί
1083 1166 1144 1219 οἷς
1172 1169 1348 1212 ἐδύνατο
1376 1170 1511 1225 λόγοις

73 1237 261 1277 κωλῦσαι
291 1234 337 1276 τὸ
366 1233 572 1290 βούλημα,
602 1238 675 1277 καί
699 1235 879 1278 πιθανὸν
900 1235 1086 1292 ὀφθῆναι
1111 1236 1180 1278 διὰ
1211 1235 1258 1277 τὸ
1287 1237 1510 1291 ὑπερέχον.

72 1296 122 1357 ἦν
150 1302 196 1342 δὲ
225 1302 298 1342 καί
312 1302 436 1343 τοῦτο
455 1300 620 1351 πάντως
648 1303 722 1357 τῆς
739 1305 839 1356 ἐμῆς
867 1299 1073 1358 ἁμαρτίας
1101 1304 1271 1356 καρπός,
1291 1302 1346 1351 ὥς
1376 1304 1510 1355 ἐμαυ-

73 1365 147 1409 τὸν
174 1365 323 1420 πείθω,
352 1365 542 1422 καθάπερ
574 1366 648 1410 καί
674 1364 806 1410 τᾶλλα
837 1363 915 1410 ὅσα
944 1369 1215 1422 συμβέβηκεν.
1249 1370 1290 1410 εἰ
1315 1368 1387 1409 καί
1411 1367 1512 1416 ἴσως

74 1434 185 1480 τινὲς
211 1434 353 1475 τοῦτον
382 1431 454 1475 τὸν
493 1433 613 1487 λόγον
642 1435 717 1474 οὐκ
761 1434 1033 1491 α’νεῳγμὲνοις
1063 1431 1278 1487 δεχόμενοι
1304 1439 1388 1483 τοῖς
1420 1434 1514 1487 ω’σί,

38 1500 174 1553 ομηό’
202 1494 379 1547 ἑαυτοὺς
420 1502 581 1547 αἰτίους
610 1501 836 1554 κρίνοντες,
866 1498 939 1550 τὰς
966 1499 1085 1548 θείας
1110 1499 1224 1554 παρὰ
1259 1503 1422 1556 φαῦλον
1450 1500 1515 1541 ε’ν-

75 1563 198 1613 τολὰς
247 1567 517 1618 τιθεμένους,
567 1564 805 1619 ἀνθρώποις
844 1564 920 1615 τοὶς
970 1568 1054 1608 τῶν
1093 1566 1404 1619 συμβαινόντων
1447 1567 1514 1608 αἰ..

75 1632 168 1678 τίας
203 1629 451 1682 λογίζονται.
524 1629 604 1685 ἐγώ
643 1633 688 1672 δὲ
726 1633 770 1672 τὸ
800 1633 882 1672 πᾶν
919 1634 991 1685 τῆς
1031 1633 1106 1673 τοῦ
1133 1633 1239 1673 θεοῦ
1267 1631 1390 1685 κρίνω
1422 1648 1517 1672 παι-

78 1697 194 1745 δείας
219 1694 291 1736 διὰ
320 1695 395 1751 την
416 1695 522 1752 ἐμήν
558 1695 872 1754 ἐπανόρθωσιν·
901 1699 1033 1740 πᾶσαι
1061 1697 1140 1753 γάρ
1171 1695 1216 1740 αἱ
1241 1697 1515 1752 πολυάνθρω-

81 1888 124 1916 ut
146 1883 243 1927 prius
268 1888 364 1924 erat,
390 1882 571 1916 hominum
598 1883 757 1917 conserta
785 1883 887 1928 eopia
926 1884 1116 1929 complere.
1167 1883 1265 1928 quod
1296 1883 1420 1927 ulique
1445 1893 1518 1915 non

80 1930 231 1963 multum
259 1936 340 1973 post
373 1929 471 1963 belle
496 1930 701 1971 cecidisset,
734 1932 801 1963 nisi
838 1936 958 1964 nostra
983 1931 1020 1963 in
1051 1930 1154 1963 deum
1185 1930 1339 1962 facinora
1367 1929 1519 1974 impedi-

83 1982 204 2010 mento
233 1975 391 2009 fuissent.
443 1988 519 2010 cnm
547 1978 640 2010 enim
667 1977 884 2022 reparandae
911 1978 1007 2010 urbis
1032 1977 1212 2010 desiderio
1240 1982 1432 2015 teneretur,
1461 1987 1519 2008 re-

83 2034 214 2056 vocans
238 2034 275 2055 se
301 2024 345 2056 ad
370 2023 626 2056 immanitatem
665 2036 704 2057 ac
729 2025 1052 2065 mansuetudinem,
1080 2035 1199 2057 omnes
1224 2023 1398 2056 libertatis
1424 2033 1521 2055 com-

82 2076 185 2115 potes
211 2069 324 2103 facere
346 2072 569 2115 patriamque
595 2070 668 2104 illis
695 2071 837 2112 donare,
873 2077 912 2104 ut
935 2071 1020 2110 dixi,
1045 2077 1081 2104 et
1106 2070 1266 2103 domibus
1292 2070 1454 2114 propriis),
1482 2074 1521 2101 ut

82 2122 200 2157 antea,
225 2117 294 2149 l'rui
321 2129 395 2150 cum
418 2119 513 2150 omni
538 2118 748 2158 securitate,
778 2124 814 2151 et
841 2117 1019 2164 quidquid
1045 2117 1142 2150 aliud
1168 2122 1242 2149 erat
1265 2118 1301 2149 in
1326 2115 1521 2148 immobili-

82 2163 162 2203 bus,
190 2164 228 2196 in
251 2163 369 2197 animo
390 2163 526 2198 habuit.
553 2171 772 2209 quapropter
798 2165 1008 2209 primatibus
1032 2176 1109 2197 cnm
1136 2165 1219 2203 suis,
1244 2163 1387 2207 qnidam
1415 2163 1521 2194 eliam

83 2222 162 2243 curn
187 2217 420 2252 sacramento,
445 2212 566 2243 serunt
590 2211 741 2244 dixisse:
766 2211 970 2244 “iniustum
998 2217 1052 2244 est
1077 2223 1153 2244 cum
1184 2209 1287 2242 rebus
1317 2209 1523 2242 debellato—

85 2269 157 2290 rum
201 2256 402 2290 debellatos
437 2269 580 2302 quoque
616 2259 651 2290 in
695 2259 834 2290 vincula
873 2259 1000 2291 coniici
1040 2262 1076 2290 et
1111 2257 1222 2302 patria
1249 2257 1320 2289 alio
1348 2255 1523 2288 abductos

86 2303 257 2348 spoliari3
284 2305 487 2337 libertatem
523 2306 644 2350 itaque
683 2306 755 2337 illis
781 2305 1025 2343 stabiliamus,
1055 2305 1083 2336 si
1109 2305 1158 2336 ita
1182 2302 1335 2343 videtur,
1363 2309 1424 2335 aut
1447 2303 1524 2334 sine

84 2351 202 2396 pretio
228 2350 309 2383 illos
349 2352 584 2396 accipientes,
625 2357 686 2383 aut
722 2351 811 2384 illud
839 2363 902 2384 nos
941 2349 1159 2394 erogantes.”
1209 2350 1409 2383 auditorum
1436 2349 1525 2381 alios

86 2397 300 2430 sententiam
326 2397 499 2438 laudasse,
524 2398 732 2431 adhortatus
758 2404 797 2431 ut
824 2400 974 2439 faceret3
997 2397 1057 2430 sed
1084 2409 1189 2430 unum
1217 2408 1259 2429 ex
1278 2395 1439 2435 ducibus,
1464 2395 1526 2440 qui

86 2444 262 2488 dignitate
287 2450 446 2478 caeteros
473 2445 724 2485 antecellebat,
750 2457 821 2478 non
849 2451 985 2477 tantum
1011 2456 1082 2476 nou
1110 2443 1324 2488 approbasse
1348 2442 1455 2476 verba
1483 2441 1528 2474 de

87 2490 268 2531 libertate,
297 2491 358 2523 sed
390 2497 426 2524 et
450 2491 581 2536 quibus
610 2497 749 2536 poterat
777 2492 974 2524 rationibus
1008 2491 1193 2523 consilium
1222 2490 1392 2535 principis
1416 2490 1529 2533 impe-

89 2537 244 2578 divisse;
282 2544 318 2571 et
355 2539 569 2571 verosimilia
606 2538 747 2578 dicere,
774 2539 870 2583 qnod
911 2538 1000 2569 alios
1027 2539 1194 2577 anteiret,
1219 2538 1312 2570 visus
1340 2541 1404 2569 est.
1455 2540 1531 2568 erat

89 2584 195 2629 plane
220 2584 289 2616 hoc
331 2595 475 2630 quoque
512 2597 667 2617 meorum
702 2586 874 2618 scelerum
904 2584 1063 2623 fructus,
1101 2590 1140 2617 ut
1166 2585 1241 2628 ipse
1266 2583 1353 2616 mihi
1379 2581 1530 2621 suadeo,

90 2631 391 2675 quemadmodum
436 2638 471 2665 et
507 2644 599 2677 quae
631 2643 779 2665 evenere
823 2632 978 2675 reliqua,
1025 2631 1109 2664 licet
1140 2631 1307 2663 nonnulli
1333 2639 1530 2663 sermonem

91 2676 186 2710 hunc
214 2677 309 2710 haud
333 2678 539 2723 patentibus
563 2679 708 2711 auribus
733 2679 955 2723 arripientes,
990 2688 1108 2722 neque
1134 2683 1246 2710 semet
1271 2678 1364 2723 ipsos
1390 2687 1530 2708 cansam

95 2724 204 2757 fuisse
238 2724 460 2767 iudicantes,
499 2725 626 2759 divinis
655 2726 854 2770 praeceptis
880 2724 1074 2768 neglectis,
1111 2723 1314 2758 hominibus
1340 2729 1533 2758 eventuum
