1806 3190
303 113 414 182 524
703 136 922 178 ιοΑΝΝιε
972 134 1334 179 ANAGNosTAE

299 229 564 286 τοῦπίταγμα
587 233 857 288 διῃρέθησαν,
890 233 984 275 τότε
1006 234 1055 288 δη
1085 233 1160 283 τάς
1184 237 1263 287 μὲν
1290 237 1372 277 τῶν
1397 238 1535 288 μονῶν
1562 233 1662 279 ὅσαι
1683 235 1734 291 δὴ

299 295 468 349 μειζους
496 296 569 339 καί
597 297 701 351 πρὸς
730 299 879 348 κάλλος
909 301 1181 355 φαιὸρότεραι
1212 306 1298 350 τοῖς
1325 302 1491 352 οἰκείοις
1521 303 1636 359 αύτῷ
1668 300 1741 343 καὶ

301 357 422 404 οὖσιν
444 363 488 403 ἐν
507 362 739 415 α’ξιιόμασιν
757 363 1011 419 ἐδωρήσατο,
1041 364 1196 418 ὅμοίως
1224 369 1270 408 δὲ
1296 368 1369 408 καί
1385 369 1466 409 τῶν
1482 370 1621 410 οἰκιῶν
1639 365 1739 409 ὅσαι

299 425 351 481 δη
382 426 577 476 καλλίους
607 422 716 481 ἦσαν
746 431 830 471 τῶν
862 425 999 472 ἄλλων
1020 429 1081 480 εἴς
1106 447 1151 473 τε
1179 431 1326 481 κάλλος
1353 433 1426 475 καί
1449 437 1639 488 μέγεθος,
1659 435 1738 486 μό-

296 507 394 541 νους
423 492 523 547 ἡμῖν
552 492 650 543 τούς
679 495 889 549 τέσσαρας
907 497 1021 549 νεώς,
1048 497 1094 539 οἳ
1115 499 1188 539 καί
1204 501 1419 540 καθολικοί
1435 500 1634 554 λέγονται,
1664 514 1740 540 κα·
1751 501 1786 543 5’1

297 557 571 611 ταλελοιπιός,
608 559 766 614 πολλὴν
793 559 868 616 τὴν
901 560 1090 617 σπουδὴν
1125 562 1232 616 ’ὑπὲρ
1261 564 1419 605 τούτων
1444 567 1520 606 τοῦ
1549 563 1742 617 ποιμένος

298 621 606 677 εἰσενεγκόντος.
635 624 712 674 τάς
741 626 788 668 δέ
806 641 853 680 γε
881 626 1028 677 λοιπάς
1060 626 1228 676 ἁπάσας
1256 628 1388 677 οἰκίας
1414 628 1488 671 καί
1511 627 1613 678 τούς
1638 627 1743 679 νεώς

297 687 450 741 σχεδόν
481 688 635 739 πάντας
664 691 891 746 διωρίσατο
918 698 1006 742 τοῖς
1037 694 1073 734 τ’
1105 693 1176 734 ἀπ’
1208 691 1345 735 ἄλλων
1373 693 1508 736 τόπων
1536 693 1741 748 ἐθελήσα-

298 769 367 796 σιν
393 752 496 802 ἴσως
523 753 598 809 τὴν
627 756 747 797 πόλιν
786 757 878 798 ἀνθ’
907 753 956 811 ἧς
985 759 1169 800 οἰκοῦσιν
1202 756 1374 801 ἑλέσθαι
1402 762 1739 815 παρασχεθῆναι,

301 821 375 861 καί
398 825 484 869 τοῖς
514 819 595 862 α’πό
629 823 710 864 τῶν
741 823 781 864 Γ
779 824 960 877 ενητζῶν
986 825 1251 866 α’παναστᾶσι
1281 823 1494 879 Τοόρκοις.
1547 825 1673 875 τόπος
1705 826 1741 866 δ”
1759 832 1804 874 ιο]

223 889 290 934 367
303 881 425 935 οὗτός
451 887 542 928 ἐστι
570 886 718 936 πεδιάς
746 884 856 943 ὅλος,
883 889 1039 944 ἡμέρας
1054 888 1150 932 ὁδὸν
1176 890 1352 932 ἀπὸτοῦ
1379 891 1487 934 κατά
1517 889 1640 934 δύσιν
1667 893 1742 945 μέ·
1798 891 1801 915 ⁴

302 967 403 1006 ρους
431 952 601 1006 ἀπέχων
641 956 714 1008 τῆς
742 951 916 1006 πόλεως,
949 953 1030 997 εἴτε
1069 958 1122 1012 τῇ
1160 955 1307 999 τούτου
1335 956 1635 1013 ἐπιτηδειότητι
1661 956 1743 999 εἴτε

300 1019 466 1074 σπουδῇ
502 1020 581 1060 τοῦ
622 1023 770 1062 τοῦτον
800 1020 991 1076 α’ρχῆθεν
1027 1022 1298 1076 ἐκλεξαμένου
1326 1022 1430 1079 πρὸς
1458 1022 1617 1079 οἴκησιν
1642 1027 1744 1065 πολ-

298 1083 399 1134 λοὺς
427 1083 613 1138 ἐσχηκώς
650 1083 868 1140 οἰκήτορας
914 1086 1137 1142 Τούρκους.
1213 1086 1261 1131 ὂν
1293 1088 1344 1146 δη
1375 1089 1527 1143 τόπον,
1559 1089 1636 1132 οὐκ
1664 1085 1745 1131 οἶδ’
1796 1072 1803 1120 f

299 1145 411 1199 ὅπως
439 1151 511 1191 ἐπὶ
535 1151 640 1192 θέαν
669 1151 744 1193 καί
771 1151 887 1203 ζώων
915 1154 1071 1208 α’γρίων
1106 1152 1245 1210 θήραν
1281 1153 1302 1196 ὅ
1331 1155 1568 1213 Μουράτης
1595 1157 1742 1207 ἐκεῖσε,
1762 1151 1795 1198 ι’

298 1219 396 1257 καθ’
433 1213 481 1258 ὃν
515 1216 662 1271 καιρόν
706 1216 897 1273 ἑνεόημει
933 1222 984 1275 τῇ
1009 1218 1151 1273 πόλει,
1189 1219 1430 1275 γενόμενος,
1468 1220 1620 1276 σχεδόν
1659 1223 1743 1263 τῶν

299 1282 570 1324 ἐνοικούντων
599 1285 843 1339 καθίστησιν
863 1282 1030 1340 ἔρημον,
1062 1287 1376 1329 α’πανίστασθαι
1396 1287 1567 1336 τούτους
1591 1285 1637 1329 τὸ
1665 1286 1744 1327 τά..
1791 1288 1795 1294 ’

296 1363 372 1402 χος
399 1346 598 1398 κελεύσας
625 1347 698 1390 καί
711 1357 921 1401 μετοικεῖν
950 1352 1008 1400 εἰς
1027 1352 1341 1408 Θεσσαλονίκην.
1369 1351 1394 1394 ὃ
1417 1352 1468 1409 δὴ
1495 1352 1744 1408 πρόσταγμα
1792 1382 1794 1386 >

299 1413 373 1456 καί
410 1414 519 1468 μετὰ
560 1417 746 1470 σπουδῆς
783 1415 822 1458 οἱ
867 1415 972 1472 πρὸς
1010 1417 1112 1459 αὐτό
1157 1421 1394 1473 τεταγμένοι
1429 1417 1745 1474 πεπληρωκότες

299 1478 518 1536 ἐφάνησαν
553 1483 684 1536 μηδὲν
727 1481 1004 1537 μελλήσαντες
1039 1485 1142 1537 μετὰ
1181 1484 1256 1540 τήν
1290 1484 1438 1528 τούτου
1487 1487 1742 1541 ἀποδημίαν,
1786 1478 1793 1486 ⁴

302 1547 461 1595 πάντας
500 1548 546 1587 δὲ
584 1547 681 1597 τούς
725 1544 881 1590 αὐτόθι
913 1548 1124 1604 Τούρκους
1166 1553 1298 1593 ἐκεῖσε
1336 1549 1545 1606 γενόμενοι
1575 1553 1648 1593 καί
1670 1553 1744 1607 βίᾳ

300 1614 459 1663 μᾶλλον
486 1608 515 1666 ἢ
542 1617 690 1655 πειθοῖ
713 1616 772 1663 εἰς
803 1616 1111 1672 Θεσσαλονίκην
1140 1617 1371 1672 α’γηοχότες,
1404 1618 1476 1660 καί
1500 1621 1632 1667 οἰκίας
1657 1616 1746 1661 ὲτέ-
1769 1643 1771 1645 ·

305 1694 384 1732 ρας
417 1680 513 1721 ἄνθ’
545 1674 605 1721 aiv
633 1677 746 1734 εἰχον
774 1681 1084 1739 παρεσχηκότες
1114 1682 1216 1727 κατὰ
1246 1682 1292 1726 τὸ
1323 1683 1584 1740 πρόσταγμα.
1613 1681 1745 1742 ἄμφω
1786 1679 1788 1681 ’

304 1863 488 1894 numerata
512 1865 597 1893 sunt
625 1866 788 1895 accurate
813 1863 920 1896 nimis
947 1868 1056 1909 atque
1085 1864 1325 1906 considerate,
1362 1870 1398 1898 et
1431 1865 1518 1898 duas
1545 1866 1582 1898 in
1606 1868 1745 1910 partes,

305 1911 347 1940 ut
373 1906 576 1940 mandatum
602 1906 741 1950 fuerat,
778 1908 910 1951 divisa,
934 1916 1008 1943 tuni
1042 1915 1257 1945 monasteria
1281 1913 1526 1957 magnitudine
1553 1917 1590 1945 et
1616 1912 1744 1945 decore

306 1955 513 1995 illustriora,
542 1955 705 1988 similiter
733 1961 770 1989 et
794 1957 898 1990 aedes
924 1969 1016 2002 quae
1043 1959 1130 1992 alias
1165 1959 1432 2005 pulchritudine
1457 1965 1657 2004 ornatuque
1679 1970 1742 1991 su-

305 2001 489 2046 perabant,
514 2002 587 2034 suis
611 2002 844 2036 familiaribus
866 2010 901 2037 et
923 2005 960 2038 in
986 2004 1161 2048 dignitate
1178 2008 1379 2040 constitutis
1404 2007 1580 2046 attribuit,
1605 2011 1744 2039 tantum
1780 2049 1782 2051 Ι

306 2047 411 2080 nobis
436 2054 605 2093 quattuor
631 2051 785 2094 templis,
811 2051 994 2085 catholicis
1021 2052 1137 2093 dictis,
1163 2053 1199 2086 id
1219 2054 1422 2087 enixissime
1445 2059 1587 2100 pastore
1610 2064 1742 2098 procu-

307 2101 418 2135 rante,
442 2097 628 2128 concessis.
678 2097 836 2142 reliquas
871 2109 953 2131 vero
980 2111 1102 2133 omnes
1128 2100 1234 2133 aedes
1269 2102 1472 2146 templaque
1498 2101 1574 2134 fere
1600 2100 1743 2140 onmia,

305 2142 370 2187 qui
395 2142 439 2175 ab
465 2143 543 2175 aliis
562 2143 648 2175 locis
673 2143 793 2176 sedem
820 2144 890 2177 sibi
912 2146 949 2178 in
975 2158 1014 2179 ea
1034 2148 1270 2180 collocassent
1295 2159 1451 2193 suaeque
1475 2148 1613 2193 patriae
1637 2158 1743 2192 prae-

305 2190 531 2234 posuissent,
572 2196 609 2223 et
633 2190 780 2232 Tui-cis,
820 2193 885 2236 qui
914 2205 933 2225 a
958 2194 1117 2227 Genitzis
1153 2196 1241 2228 moti
1265 2195 1429 2235 fuerant,
1455 2194 1548 2227 tradi
1573 2193 1742 2227 decrevit.
1777 2201 1782 2226 ζ

306 2237 477 2269 Genitzae
513 2236 611 2270 locus
654 2243 708 2271 est
732 2245 884 2283 aequata
918 2242 988 2284 agri
1027 2242 1177 2285 planitie
1217 2253 1358 2287 quaqua
1390 2253 1529 2274 versum
1555 2251 1743 2284 expansu8‚
1779 2241 1784 2247 ⁷

305 2283 377 2315 diei
401 2283 527 2316 itinere
551 2283 595 2316 ab
622 2285 835 2318 occidentali
859 2287 954 2320 urhis
980 2288 1083 2332 plaga
1112 2289 1261 2330 distans,
1289 2289 1360 2322 sive
1378 2289 1429 2322 sui
1447 2287 1647 2328 habilitate,
1672 2288 1746 2320 sive
1780 2311 1781 2315 ,

306 2330 403 2362 illius
431 2331 493 2376 qui
519 2331 668 2375 primum
692 2332 731 2365 in
756 2332 1015 2367 habitationem
1039 2335 1108 2368 sibi
1125 2337 1241 2369 locum
1267 2336 1422 2379 elegerat
1446 2335 1634 2373 industria,
1652 2335 1747 2368 Tur·
1775 2353 1778 2355 Δ

306 2388 423 2409 carum
448 2378 646 2411 accolarum
681 2380 883 2425 frequentia
916 2382 1127 2426 instructus3
1162 2394 1288 2428 quem,
1313 2383 1433 2415 nescio
1460 2393 1529 2428 qua
1558 2381 1603 2414 de
1627 2391 1745 2421 causa,

307 2425 415 2457 animi
442 2425 624 2458 recreandi
653 2426 877 2472 ferarumque
904 2428 1214 2462 immansuetarum
1250 2429 1502 2474 capiendarum
1526 2428 1638 2473 gratia
1663 2427 1770 2460 Mu-*

309 2477 412 2511 rates,
437 2483 515 2504 cum
544 2472 581 2505 in
611 2474 789 2506 civitatem
814 2475 1106 2519 progrederetur,
1136 2478 1253 2509 visens
1279 2477 1352 2510 fere
1375 2475 1636 2510 habitatoribus
1661 2485 1745 2519 spo-

308 2518 422 2558 navit,
449 2520 564 2552 solum
585 2531 645 2552 eos
664 2526 800 2554 vertere
816 2533 886 2566 qua
901 2529 1048 2566 possent
1065 2524 1249 2556 celeritate
1275 2524 1415 2564 iubens,
1439 2529 1476 2556 et
1497 2522 1616 2556 sedem
1628 2520 1746 2555 Thes-

309 2566 486 2598 salonicae
514 2577 660 2610 ponere.
690 2568 823 2601 iussum
849 2568 1038 2613 diligenter
1063 2577 1252 2610 curatores,
1279 2572 1379 2603 nulla
1403 2570 1613 2614 interposita
1633 2579 1744 2608 mora,
1771 2605 1774 2609 ⁴

310 2614 467 2645 exsecuti
492 2619 586 2653 sunt,
610 2620 799 2660 postquam
824 2616 886 2648 ille
911 2616 1146 2657 abscesserat,
1183 2629 1377 2662 omnesque
1406 2617 1536 2650 Turcas
1563 2615 1614 2648 ibi
1641 2615 1744 2648 habi.
1768 2631 1770 2633 ·

309 2663 426 2692 tantes
450 2671 513 2693 suo
538 2660 691 2694 adventu
717 2668 856 2695 coactos
876 2664 993 2707 potius
1019 2675 1125 2708 quam
1161 2675 1281 2698 suasos
1315 2664 1603 2697 Thessalonicam
1637 2661 1746 2694 adve-
1771 2688 1774 2692 .

310 2716 403 2747 :zei-e,
430 2712 466 2740 et
491 2706 616 2741 domus
641 2709 747 2750 alias,
772 2709 850 2743 loco
876 2721 995 2744 earum
1019 2722 1107 2757 quas
1133 2711 1187 2744 illi
1211 2711 1452 2757 possederant,
1477 2716 1517 2744 ut
1540 2709 1746 2743 mandatum
1769 2727 1771 2729 ·
