<?xml version="1.0" encoding="UTF-8"?>
<!DOCTYPE html PUBLIC "-//W3C//DTD XHTML 1.0 Transitional//EN"
    "http://www.w3.org/TR/xhtml1/DTD/xhtml1-transitional.dtd">
<html xmlns="http://www.w3.org/1999/xhtml" xml:lang="en" lang="en">
 <head>
  <title>
</title>
<meta http-equiv="Content-Type" content="text/html;charset=utf-8" />
  <meta name='ocr-system' content='tesseract 3.04.00' />
  <meta name='ocr-capabilities' content='ocr_page ocr_carea ocr_par ocr_line ocrx_word'/>
</head>
<body>
  <div class='ocr_page' id='page_1' title='image "./corpusscriptorum19niebuoft_0527.png"; bbox 0 0 1806 3190; ppageno 0'>
   <div class='ocr_carea' id='block_1_1' title="bbox 202 151 1511 214">
    <p class='ocr_par' dir='ltr' id='par_1_1' title="bbox 202 151 1511 214">
     <span class='ocr_line' id='line_1_1' title="bbox 202 151 1511 214; baseline -0.005 -1"><span class='ocrx_word' id='word_1_1' title='bbox 202 175 273 214; x_wconf 80' lang='lat' dir='ltr'><strong>m:</strong></span> <span class='ocrx_word' id='word_1_2' title='bbox 301 163 781 213; x_wconf 73' lang='lat' dir='ltr'><strong>&#39;ruEssALomcENsl</strong></span> <span class='ocrx_word' id='word_1_3' title='bbox 817 172 1037 212; x_wconf 71' lang='lat' dir='ltr'><strong>Excuuo</strong></span> <span class='ocrx_word' id='word_1_4' title='bbox 1063 171 1359 212; x_wconf 59' lang='lat' dir='ltr'><strong>NAssnNuo.</strong></span> <span class='ocrx_word' id='word_1_5' title='bbox 1405 151 1511 207; x_wconf 77' lang='lat'><strong>515</strong></span> 
     </span>
    </p>
   </div>
   <div class='ocr_carea' id='block_1_2' title="bbox 6 268 1595 1771">
    <p class='ocr_par' dir='ltr' id='par_1_2' title="bbox 6 268 1595 1771">
     <span class='ocr_line' id='line_1_2' title="bbox 73 268 1514 328; baseline 0 -17"><span class='ocrx_word' id='word_1_6' title='bbox 73 272 303 324; x_wconf 78' lang='grc' dir='ltr'><strong><em>γενομένων</em></strong></span> <span class='ocrx_word' id='word_1_7' title='bbox 330 268 505 328; x_wconf 76' lang='grc' dir='ltr'><strong><em>ἤνέῳκτό</em></strong></span> <span class='ocrx_word' id='word_1_8' title='bbox 532 285 574 311; x_wconf 87' lang='grc' dir='ltr'><strong>τε</strong></span> <span class='ocrx_word' id='word_1_9' title='bbox 599 271 670 311; x_wconf 82' lang='grc' dir='ltr'><strong><em>καί</em></strong></span> <span class='ocrx_word' id='word_1_10' title='bbox 711 272 994 326; x_wconf 83' lang='grc' dir='ltr'><strong><em>καταβέβλητο</em></strong></span> <span class='ocrx_word' id='word_1_11' title='bbox 1020 269 1218 325; x_wconf 82' lang='grc' dir='ltr'><strong><em>μνήματα</em></strong></span> <span class='ocrx_word' id='word_1_12' title='bbox 1247 273 1321 312; x_wconf 82' lang='grc' dir='ltr'><em>καί</em></span> <span class='ocrx_word' id='word_1_13' title='bbox 1345 271 1394 312; x_wconf 77' lang='grc' dir='ltr'><strong>τὰ</strong></span> <span class='ocrx_word' id='word_1_14' title='bbox 1419 270 1514 312; x_wconf 70' lang='grc' dir='ltr'><strong><em>τού·</em></strong></span> 
     </span>
     <span class='ocr_line' id='line_1_3' title="bbox 72 335 1516 393; baseline 0.001 -17"><span class='ocrx_word' id='word_1_15' title='bbox 72 351 162 384; x_wconf 82' lang='grc' dir='ltr'><strong><em>τοις</em></strong></span> <span class='ocrx_word' id='word_1_16' title='bbox 189 336 488 389; x_wconf 81' lang='grc' dir='ltr'><strong><em>ἐναποκείμενα</em></strong></span> <span class='ocrx_word' id='word_1_17' title='bbox 517 336 696 387; x_wconf 81' lang='grc' dir='ltr'><strong><em>λείψανα</em></strong></span> <span class='ocrx_word' id='word_1_18' title='bbox 714 335 816 377; x_wconf 72' lang='grc' dir='ltr'><strong><em>κατὰ</em></strong></span> <span class='ocrx_word' id='word_1_19' title='bbox 837 339 913 391; x_wconf 77' lang='grc' dir='ltr'><strong>γῆς</strong></span> <span class='ocrx_word' id='word_1_20' title='bbox 940 338 1245 393; x_wconf 75' lang='grc' dir='ltr'><strong>ἀπερρίφησαν.</strong></span> <span class='ocrx_word' id='word_1_21' title='bbox 1300 340 1345 379; x_wconf 82' lang='grc' dir='ltr'><strong><em>ἐν</em></strong></span> <span class='ocrx_word' id='word_1_22' title='bbox 1374 337 1516 385; x_wconf 77' lang='grc' dir='ltr'><strong><em>αὐτοῖς</em></strong></span> 
     </span>
     <span class='ocr_line' id='line_1_4' title="bbox 69 399 1516 457; baseline -0.001 -15"><span class='ocrx_word' id='word_1_23' title='bbox 69 401 150 454; x_wconf 72' lang='grc' dir='ltr'><strong>γὰρ</strong></span> <span class='ocrx_word' id='word_1_24' title='bbox 181 402 327 443; x_wconf 76' lang='grc' dir='ltr'><strong><em>καθότι</em></strong></span> <span class='ocrx_word' id='word_1_25' title='bbox 354 404 499 443; x_wconf 80' lang='grc' dir='ltr'><strong><em>πολλοί</em></strong></span> <span class='ocrx_word' id='word_1_26' title='bbox 526 403 607 442; x_wconf 77' lang='grc' dir='ltr'><strong>τῶν</strong></span> <span class='ocrx_word' id='word_1_27' title='bbox 644 399 839 455; x_wconf 85' lang='grc' dir='ltr'><strong><em>Τούρκων</em></strong></span> <span class='ocrx_word' id='word_1_28' title='bbox 864 400 1093 457; x_wconf 78' lang='grc' dir='ltr'><strong><em>χρημάτων</em></strong></span> <span class='ocrx_word' id='word_1_29' title='bbox 1122 404 1336 457; x_wconf 78' lang='grc' dir='ltr'><strong><em>ἐπέτυχον,</em></strong></span> <span class='ocrx_word' id='word_1_30' title='bbox 1365 405 1516 444; x_wconf 75' lang='grc' dir='ltr'><strong><em>ἐναπο-</em></strong></span> 
     </span>
     <span class='ocr_line' id='line_1_5' title="bbox 70 465 1514 524; baseline 0.001 -16"><span class='ocrx_word' id='word_1_31' title='bbox 70 469 272 508; x_wconf 75' lang='grc' dir='ltr'><strong><em>τεθέντων</em></strong></span> <span class='ocrx_word' id='word_1_32' title='bbox 298 466 413 518; x_wconf 78' lang='grc' dir='ltr'><strong><em>παρὰ</em></strong></span> <span class='ocrx_word' id='word_1_33' title='bbox 452 469 535 508; x_wconf 71' lang='grc' dir='ltr'><strong>τῶν</strong></span> <span class='ocrx_word' id='word_1_34' title='bbox 561 469 742 508; x_wconf 74' lang='grc' dir='ltr'><strong><em>πολιτῶν</em></strong></span> <span class='ocrx_word' id='word_1_35' title='bbox 774 469 828 508; x_wconf 76' lang='grc' dir='ltr'><strong><em>δι’</em></strong></span> <span class='ocrx_word' id='word_1_36' title='bbox 856 465 907 522; x_wconf 78' lang='grc' dir='ltr'><strong><em>ἢν</em></strong></span> <span class='ocrx_word' id='word_1_37' title='bbox 946 470 1094 510; x_wconf 78' lang='grc' dir='ltr'><strong><em>ἐλπίδα</em></strong></span> <span class='ocrx_word' id='word_1_38' title='bbox 1125 470 1366 524; x_wconf 73' lang='grc' dir='ltr'><em>φθάσαντες</em></span> <span class='ocrx_word' id='word_1_39' title='bbox 1393 469 1514 522; x_wconf 76' lang='grc' dir='ltr'><strong><em>δεδη-</em></strong></span> 
     </span>
     <span class='ocr_line' id='line_1_6' title="bbox 13 531 1510 591; baseline 0.001 -18"><span class='ocrx_word' id='word_1_40' title='bbox 13 532 285 584; x_wconf 80' lang='grc' dir='ltr'><strong><em>.5λω’κειμεν,</em></strong></span> <span class='ocrx_word' id='word_1_41' title='bbox 313 531 383 574; x_wconf 69' lang='grc' dir='ltr'><strong>διὰ</strong></span> <span class='ocrx_word' id='word_1_42' title='bbox 414 535 534 574; x_wconf 84' lang='grc' dir='ltr'><strong><em>τοῦτο</em></strong></span> <span class='ocrx_word' id='word_1_43' title='bbox 564 531 698 572; x_wconf 72' lang='grc' dir='ltr'><strong><em>πάντα</em></strong></span> <span class='ocrx_word' id='word_1_44' title='bbox 726 531 876 585; x_wconf 73' lang='grc' dir='ltr'><strong><em>σχεδὸν</em></strong></span> <span class='ocrx_word' id='word_1_45' title='bbox 904 532 1083 591; x_wconf 75' lang='grc' dir='ltr'><strong><em>η’νέῳξαν</em></strong></span> <span class='ocrx_word' id='word_1_46' title='bbox 1111 535 1184 575; x_wconf 79' lang='grc' dir='ltr'><em>καί</em></span> <span class='ocrx_word' id='word_1_47' title='bbox 1209 538 1510 589; x_wconf 76' lang='grc' dir='ltr'><strong><em>κατέστρεψαν·</em></strong></span> 
     </span>
     <span class='ocr_line' id='line_1_7' title="bbox 71 598 1595 654; baseline 0.004 -16"><span class='ocrx_word' id='word_1_48' title='bbox 71 601 258 639; x_wconf 77' lang='grc' dir='ltr'><strong><em>ἐνταῦθα</em></strong></span> <span class='ocrx_word' id='word_1_49' title='bbox 286 599 332 639; x_wconf 81' lang='grc' dir='ltr'><strong>δὲ</strong></span> <span class='ocrx_word' id='word_1_50' title='bbox 362 600 478 640; x_wconf 81' lang='grc' dir='ltr'><em>δυοῖν</em></span> <span class='ocrx_word' id='word_1_51' title='bbox 507 600 659 650; x_wconf 82' lang='grc' dir='ltr'><strong><em>εἵνεκα,</em></strong></span> <span class='ocrx_word' id='word_1_52' title='bbox 690 599 764 638; x_wconf 83' lang='grc' dir='ltr'><strong>τοῦ</strong></span> <span class='ocrx_word' id='word_1_53' title='bbox 779 613 820 639; x_wconf 87' lang='grc' dir='ltr'><strong>τε</strong></span> <span class='ocrx_word' id='word_1_54' title='bbox 852 601 950 652; x_wconf 78' lang='grc' dir='ltr'><strong><em>περί</em></strong></span> <span class='ocrx_word' id='word_1_55' title='bbox 975 599 1108 654; x_wconf 73' lang='grc' dir='ltr'><strong><em>αὐτὴν</em></strong></span> <span class='ocrx_word' id='word_1_56' title='bbox 1135 602 1211 641; x_wconf 69' lang='grc' dir='ltr'><strong><em>οὐκ</em></strong></span> <span class='ocrx_word' id='word_1_57' title='bbox 1240 598 1379 654; x_wconf 80' lang='grc' dir='ltr'><strong><em>ὀλίγου</em></strong></span> <span class='ocrx_word' id='word_1_58' title='bbox 1407 616 1511 654; x_wconf 82' lang='grc' dir='ltr'><strong><em>χρυ-</em></strong></span> <span class='ocrx_word' id='word_1_59' title='bbox 1527 611 1595 644; x_wconf 78' lang='lat'><strong>356</strong></span> 
     </span>
     <span class='ocr_line' id='line_1_8' title="bbox 70 661 1516 720; baseline 0.001 -15"><span class='ocrx_word' id='word_1_60' title='bbox 70 665 131 720; x_wconf 81' lang='grc' dir='ltr'><strong>σῷ</strong></span> <span class='ocrx_word' id='word_1_61' title='bbox 158 666 232 706; x_wconf 80' lang='grc' dir='ltr'><em>καί</em></span> <span class='ocrx_word' id='word_1_62' title='bbox 256 661 426 720; x_wconf 76' lang='grc' dir='ltr'><strong><em>α’ργύρῳ</em></strong></span> <span class='ocrx_word' id='word_1_63' title='bbox 459 665 533 704; x_wconf 81' lang='grc' dir='ltr'><em>καί</em></span> <span class='ocrx_word' id='word_1_64' title='bbox 556 665 693 710; x_wconf 66' lang='grc' dir='ltr'><strong><em>λίθοις</em></strong></span> <span class='ocrx_word' id='word_1_65' title='bbox 725 665 878 715; x_wconf 76' lang='grc' dir='ltr'><strong><em>τιμίοις</em></strong></span> <span class='ocrx_word' id='word_1_66' title='bbox 905 666 979 705; x_wconf 85' lang='grc' dir='ltr'><em>καί</em></span> <span class='ocrx_word' id='word_1_67' title='bbox 1002 663 1235 719; x_wconf 78' lang='grc' dir='ltr'><strong><em>μαργάροις</em></strong></span> <span class='ocrx_word' id='word_1_68' title='bbox 1265 681 1516 708; x_wconf 78' lang='grc' dir='ltr'><strong><em>κατεσκευα-</em></strong></span> 
     </span>
     <span class='ocr_line' id='line_1_9' title="bbox 70 726 1517 786; baseline 0.003 -16"><span class='ocrx_word' id='word_1_69' title='bbox 70 731 224 782; x_wconf 85' lang='grc' dir='ltr'><strong><em>σμένου</em></strong></span> <span class='ocrx_word' id='word_1_70' title='bbox 255 727 412 781; x_wconf 86' lang='grc' dir='ltr'><strong><em>κόσμου</em></strong></span> <span class='ocrx_word' id='word_1_71' title='bbox 431 761 443 782; x_wconf 84' lang='lat'>‚</span> <span class='ocrx_word' id='word_1_72' title='bbox 471 731 543 769; x_wconf 84' lang='grc' dir='ltr'>καί</span> <span class='ocrx_word' id='word_1_73' title='bbox 564 730 644 770; x_wconf 81' lang='grc' dir='ltr'><strong>τῶν</strong></span> <span class='ocrx_word' id='word_1_74' title='bbox 675 726 815 782; x_wconf 74' lang='grc' dir='ltr'><strong><em>ὑγείας</em></strong></span> <span class='ocrx_word' id='word_1_75' title='bbox 839 734 1093 784; x_wconf 79' lang='grc' dir='ltr'><strong><em>παρεκτικῶν</em></strong></span> <span class='ocrx_word' id='word_1_76' title='bbox 1109 731 1238 774; x_wconf 80' lang='grc' dir='ltr'><strong><em>θείων</em></strong></span> <span class='ocrx_word' id='word_1_77' title='bbox 1261 732 1422 786; x_wconf 81' lang='grc' dir='ltr'><strong><em>μύρων.</em></strong></span> <span class='ocrx_word' id='word_1_78' title='bbox 1478 732 1517 774; x_wconf 83' lang='grc' dir='ltr'><strong>οἱ</strong></span> 
     </span>
     <span class='ocr_line' id='line_1_10' title="bbox 69 794 1517 852; baseline 0.003 -16"><span class='ocrx_word' id='word_1_79' title='bbox 69 797 147 846; x_wconf 84' lang='grc' dir='ltr'><strong>μὲν</strong></span> <span class='ocrx_word' id='word_1_80' title='bbox 173 794 254 850; x_wconf 70' lang='grc' dir='ltr'><strong>γὰρ</strong></span> <span class='ocrx_word' id='word_1_81' title='bbox 296 797 371 838; x_wconf 77' lang='grc' dir='ltr'><strong>τοῦ</strong></span> <span class='ocrx_word' id='word_1_82' title='bbox 413 794 567 847; x_wconf 83' lang='grc' dir='ltr'><strong><em>κόσμου</em></strong></span> <span class='ocrx_word' id='word_1_83' title='bbox 609 794 737 847; x_wconf 89' lang='grc' dir='ltr'><strong><em>μόνον</em></strong></span> <span class='ocrx_word' id='word_1_84' title='bbox 777 794 910 848; x_wconf 66' lang='grc' dir='ltr'><strong><em>αὐτὴν</em></strong></span> <span class='ocrx_word' id='word_1_85' title='bbox 949 795 1268 851; x_wconf 75' lang='grc' dir='ltr'><strong><em>α’πεγύμνωσαν,</em></strong></span> <span class='ocrx_word' id='word_1_86' title='bbox 1301 797 1339 840; x_wconf 84' lang='grc' dir='ltr'><strong>οἱ</strong></span> <span class='ocrx_word' id='word_1_87' title='bbox 1368 801 1415 841; x_wconf 71' lang='grc' dir='ltr'><strong>δὲ</strong></span> <span class='ocrx_word' id='word_1_88' title='bbox 1441 802 1517 852; x_wconf 88' lang='grc' dir='ltr'><strong>βα-</strong></span> 
     </span>
     <span class='ocr_line' id='line_1_11' title="bbox 15 857 1518 918; baseline 0.004 -18"><span class='ocrx_word' id='word_1_89' title='bbox 15 859 294 914; x_wconf 78' lang='grc' dir='ltr'><strong><em>ιοσκήναντες</em></strong></span> <span class='ocrx_word' id='word_1_90' title='bbox 337 857 424 903; x_wconf 82' lang='grc' dir='ltr'><strong><em>οἷον</em></strong></span> <span class='ocrx_word' id='word_1_91' title='bbox 457 860 559 915; x_wconf 83' lang='grc' dir='ltr'><strong><em>ἡμῖν</em></strong></span> <span class='ocrx_word' id='word_1_92' title='bbox 599 861 670 915; x_wconf 77' lang='grc' dir='ltr'><strong>τῆς</strong></span> <span class='ocrx_word' id='word_1_93' title='bbox 707 861 917 916; x_wconf 72' lang='grc' dir='ltr'><strong><em>ἀφθονίας</em></strong></span> <span class='ocrx_word' id='word_1_94' title='bbox 951 864 1034 903; x_wconf 82' lang='grc' dir='ltr'><strong>τῶν</strong></span> <span class='ocrx_word' id='word_1_95' title='bbox 1068 862 1217 917; x_wconf 90' lang='grc' dir='ltr'><strong><em>μύρων</em></strong></span> <span class='ocrx_word' id='word_1_96' title='bbox 1257 866 1331 905; x_wconf 82' lang='grc' dir='ltr'><em>καί</em></span> <span class='ocrx_word' id='word_1_97' title='bbox 1369 866 1446 918; x_wconf 79' lang='grc' dir='ltr'><strong><em>τῆς</em></strong></span> <span class='ocrx_word' id='word_1_98' title='bbox 1472 866 1518 906; x_wconf 79' lang='grc' dir='ltr'><strong><em>ἐκ</em></strong></span> 
     </span>
     <span class='ocr_line' id='line_1_12' title="bbox 70 924 1518 984; baseline 0.003 -18"><span class='ocrx_word' id='word_1_99' title='bbox 70 924 230 967; x_wconf 83' lang='grc' dir='ltr'><strong><em>τούτων</em></strong></span> <span class='ocrx_word' id='word_1_100' title='bbox 255 924 408 974; x_wconf 70' lang='grc' dir='ltr'><strong><em>ἰάσεως</em></strong></span> <span class='ocrx_word' id='word_1_101' title='bbox 431 927 694 982; x_wconf 80' lang='grc' dir='ltr'><strong><em>α’φῃρηκέναι</em></strong></span> <span class='ocrx_word' id='word_1_102' title='bbox 723 925 795 967; x_wconf 84' lang='grc' dir='ltr'><em>καί</em></span> <span class='ocrx_word' id='word_1_103' title='bbox 821 929 946 968; x_wconf 49' lang='grc' dir='ltr'><strong><em>ταῦθ)</em></strong></span> <span class='ocrx_word' id='word_1_104' title='bbox 979 926 1089 981; x_wconf 77' lang='grc' dir='ltr'><strong><em>ἡμᾶς</em></strong></span> <span class='ocrx_word' id='word_1_105' title='bbox 1117 928 1431 984; x_wconf 70' lang='grc' dir='ltr'><strong><em>ἠβουλήθησαν,</em></strong></span> <span class='ocrx_word' id='word_1_106' title='bbox 1461 930 1518 980; x_wconf 74' lang='grc' dir='ltr'><strong>ὦς</strong></span> 
     </span>
     <span class='ocr_line' id='line_1_13' title="bbox 69 989 1518 1047; baseline 0.001 -14"><span class='ocrx_word' id='word_1_107' title='bbox 69 993 202 1045; x_wconf 76' lang='grc' dir='ltr'><strong><em>μηδὲν</em></strong></span> <span class='ocrx_word' id='word_1_108' title='bbox 227 989 341 1046; x_wconf 79' lang='grc' dir='ltr'><strong><em>ἔχειν</em></strong></span> <span class='ocrx_word' id='word_1_109' title='bbox 367 993 444 1033; x_wconf 79' lang='grc' dir='ltr'><strong>τοῦ</strong></span> <span class='ocrx_word' id='word_1_110' title='bbox 473 993 622 1033; x_wconf 80' lang='grc' dir='ltr'><strong><em>λοιποῦ</em></strong></span> <span class='ocrx_word' id='word_1_111' title='bbox 649 991 806 1033; x_wconf 88' lang='grc' dir='ltr'><strong><em>τούτων</em></strong></span> <span class='ocrx_word' id='word_1_112' title='bbox 825 991 1068 1046; x_wconf 83' lang='grc' dir='ltr'><strong><em>α’πολαύειν,</em></strong></span> <span class='ocrx_word' id='word_1_113' title='bbox 1097 991 1237 1043; x_wconf 78' lang='grc' dir='ltr'><strong><em>ὁσάκις</em></strong></span> <span class='ocrx_word' id='word_1_114' title='bbox 1265 991 1315 1036; x_wconf 69' lang='grc' dir='ltr'><strong><em>ἂν</em></strong></span> <span class='ocrx_word' id='word_1_115' title='bbox 1346 995 1518 1047; x_wconf 74' lang='grc' dir='ltr'><strong><em>ἕκαστος</em></strong></span> 
     </span>
     <span class='ocr_line' id='line_1_14' title="bbox 71 1056 1518 1116; baseline 0.003 -18"><span class='ocrx_word' id='word_1_116' title='bbox 71 1058 217 1098; x_wconf 80' lang='grc' dir='ltr'><strong><em>δέοιτο.</em></strong></span> <span class='ocrx_word' id='word_1_117' title='bbox 276 1058 340 1099; x_wconf 72' lang='grc' dir='ltr'><strong><em>διὸ</em></strong></span> <span class='ocrx_word' id='word_1_118' title='bbox 361 1056 433 1098; x_wconf 82' lang='grc' dir='ltr'>καί</span> <span class='ocrx_word' id='word_1_119' title='bbox 450 1056 799 1111; x_wconf 82' lang='grc' dir='ltr'><strong><em>καταβεβληκότες</em></strong></span> <span class='ocrx_word' id='word_1_120' title='bbox 824 1057 899 1107; x_wconf 72' lang='grc' dir='ltr'><strong>τὰς</strong></span> <span class='ocrx_word' id='word_1_121' title='bbox 927 1059 993 1100; x_wconf 80' lang='grc' dir='ltr'><strong>ἐπ’</strong></span> <span class='ocrx_word' id='word_1_122' title='bbox 1019 1059 1129 1116; x_wconf 74' lang='grc' dir='ltr'><strong><em>αὐτῇ</em></strong></span> <span class='ocrx_word' id='word_1_123' title='bbox 1155 1061 1408 1114; x_wconf 77' lang='grc' dir='ltr'><strong><em>μαρμάρους</em></strong></span> <span class='ocrx_word' id='word_1_124' title='bbox 1434 1065 1518 1104; x_wconf 77' lang='grc' dir='ltr'><strong>τῶν</strong></span> 
     </span>
     <span class='ocr_line' id='line_1_15' title="bbox 68 1120 1517 1178; baseline 0.003 -15"><span class='ocrx_word' id='word_1_125' title='bbox 68 1120 217 1176; x_wconf 82' lang='grc' dir='ltr'><strong><em>μύρων</em></strong></span> <span class='ocrx_word' id='word_1_126' title='bbox 245 1121 447 1166; x_wconf 82' lang='grc' dir='ltr'><strong><em>ἔσπευδον</em></strong></span> <span class='ocrx_word' id='word_1_127' title='bbox 476 1123 608 1177; x_wconf 67' lang='grc' dir='ltr'><strong><em>αὐτὴν</em></strong></span> <span class='ocrx_word' id='word_1_128' title='bbox 629 1125 852 1165; x_wconf 72' lang='grc' dir='ltr'><strong><em>ἐκκενώσαι</em></strong></span> <span class='ocrx_word' id='word_1_129' title='bbox 870 1127 944 1166; x_wconf 80' lang='grc' dir='ltr'><strong>καί</strong></span> <span class='ocrx_word' id='word_1_130' title='bbox 967 1123 1012 1167; x_wconf 89' lang='grc' dir='ltr'>τὸ</span> <span class='ocrx_word' id='word_1_131' title='bbox 1045 1123 1158 1178; x_wconf 81' lang='grc' dir='ltr'><strong><em>ἱερὸν</em></strong></span> <span class='ocrx_word' id='word_1_132' title='bbox 1187 1127 1260 1167; x_wconf 84' lang='grc' dir='ltr'>καί</span> <span class='ocrx_word' id='word_1_133' title='bbox 1287 1130 1406 1168; x_wconf 75' lang='grc' dir='ltr'><strong><em>θεῖον</em></strong></span> <span class='ocrx_word' id='word_1_134' title='bbox 1434 1129 1517 1168; x_wconf 81' lang='grc' dir='ltr'><strong><em>λεί-</em></strong></span> 
     </span>
     <span class='ocr_line' id='line_1_16' title="bbox 12 1188 1518 1246; baseline 0 -13"><span class='ocrx_word' id='word_1_135' title='bbox 12 1192 58 1233; x_wconf 82' lang='lat'><strong>¹5</strong></span> <span class='ocrx_word' id='word_1_136' title='bbox 71 1198 206 1242; x_wconf 82' lang='grc' dir='ltr'><strong><em>ψανον</em></strong></span> <span class='ocrx_word' id='word_1_137' title='bbox 233 1191 311 1230; x_wconf 82' lang='grc' dir='ltr'><strong>τοῦ</strong></span> <span class='ocrx_word' id='word_1_138' title='bbox 341 1188 555 1243; x_wconf 79' lang='grc' dir='ltr'><strong><em>μάρτυρος</em></strong></span> <span class='ocrx_word' id='word_1_139' title='bbox 574 1191 782 1243; x_wconf 81' lang='grc' dir='ltr'><strong><em>ἐκβαλεῖν·</em></strong></span> <span class='ocrx_word' id='word_1_140' title='bbox 814 1189 992 1245; x_wconf 80' lang='grc' dir='ltr'><strong><em>ἡγοῦντο</em></strong></span> <span class='ocrx_word' id='word_1_141' title='bbox 1020 1189 1100 1246; x_wconf 80' lang='grc' dir='ltr'><strong>γάρ</strong></span> <span class='ocrx_word' id='word_1_142' title='bbox 1130 1192 1206 1232; x_wconf 83' lang='grc' dir='ltr'><strong>τοῦ</strong></span> <span class='ocrx_word' id='word_1_143' title='bbox 1234 1193 1394 1233; x_wconf 82' lang='grc' dir='ltr'><strong><em>σκοποῦ</em></strong></span> <span class='ocrx_word' id='word_1_144' title='bbox 1420 1194 1518 1234; x_wconf 83' lang='grc' dir='ltr'><strong><em>τού-</em></strong></span> 
     </span>
     <span class='ocr_line' id='line_1_17' title="bbox 70 1254 1519 1311; baseline 0.003 -17"><span class='ocrx_word' id='word_1_145' title='bbox 70 1269 145 1294; x_wconf 85' lang='grc' dir='ltr'><strong>του</strong></span> <span class='ocrx_word' id='word_1_146' title='bbox 178 1261 426 1307; x_wconf 79' lang='grc' dir='ltr'><strong><em>κατατυχεῖν</em></strong></span> <span class='ocrx_word' id='word_1_147' title='bbox 467 1256 539 1296; x_wconf 84' lang='grc' dir='ltr'><em>καί</em></span> <span class='ocrx_word' id='word_1_148' title='bbox 574 1255 686 1309; x_wconf 82' lang='grc' dir='ltr'><strong><em>ἡμᾶς</em></strong></span> <span class='ocrx_word' id='word_1_149' title='bbox 722 1257 802 1297; x_wconf 75' lang='grc' dir='ltr'><strong>τῶν</strong></span> <span class='ocrx_word' id='word_1_150' title='bbox 837 1254 1052 1298; x_wconf 76' lang='grc' dir='ltr'><strong><em>α’κενοότων</em></strong></span> <span class='ocrx_word' id='word_1_151' title='bbox 1091 1254 1238 1311; x_wconf 84' lang='grc' dir='ltr'><strong><em>μύρων</em></strong></span> <span class='ocrx_word' id='word_1_152' title='bbox 1277 1261 1519 1299; x_wconf 71' lang='grc' dir='ltr'><strong><em>καταλιπεῖν</em></strong></span> 
     </span>
     <span class='ocr_line' id='line_1_18' title="bbox 69 1317 1518 1378; baseline 0.003 -18"><span class='ocrx_word' id='word_1_153' title='bbox 69 1320 234 1368; x_wconf 75' lang='grc' dir='ltr'><strong><em>ἐνδεεῖς.</em></strong></span> <span class='ocrx_word' id='word_1_154' title='bbox 292 1319 398 1375; x_wconf 61' lang='grc' dir='ltr'><strong><em>πλὴν</em></strong></span> <span class='ocrx_word' id='word_1_155' title='bbox 428 1321 519 1362; x_wconf 72' lang='grc' dir='ltr'><strong><em>ἀλλ’</em></strong></span> <span class='ocrx_word' id='word_1_156' title='bbox 547 1321 624 1361; x_wconf 68' lang='grc' dir='ltr'><strong><em>οὐκ</em></strong></span> <span class='ocrx_word' id='word_1_157' title='bbox 653 1323 711 1369; x_wconf 79' lang='grc' dir='ltr'><strong>εἰς</strong></span> <span class='ocrx_word' id='word_1_158' title='bbox 730 1323 845 1369; x_wconf 82' lang='grc' dir='ltr'><strong><em>τέλος</em></strong></span> <span class='ocrx_word' id='word_1_159' title='bbox 873 1317 959 1363; x_wconf 80' lang='grc' dir='ltr'><strong><em>οἷον</em></strong></span> <span class='ocrx_word' id='word_1_160' title='bbox 987 1321 1111 1363; x_wconf 75' lang='lat' dir='ltr'><strong>av&#39;roi</strong></span> <span class='ocrx_word' id='word_1_161' title='bbox 1139 1325 1363 1378; x_wconf 78' lang='grc' dir='ltr'><strong><em>σφαλερῶς</em></strong></span> <span class='ocrx_word' id='word_1_162' title='bbox 1390 1338 1518 1376; x_wconf 82' lang='grc' dir='ltr'><strong><em>προσ-</em></strong></span> 
     </span>
     <span class='ocr_line' id='line_1_19' title="bbox 68 1383 1517 1443; baseline 0.003 -17"><span class='ocrx_word' id='word_1_163' title='bbox 68 1385 226 1427; x_wconf 72' lang='grc' dir='ltr'><strong><em>εδόκων</em></strong></span> <span class='ocrx_word' id='word_1_164' title='bbox 267 1385 291 1441; x_wconf 82' lang='grc' dir='ltr'><em>ἧ</em></span> <span class='ocrx_word' id='word_1_165' title='bbox 333 1389 452 1441; x_wconf 74' lang='grc' dir='ltr'><strong><em>σφῶν</em></strong></span> <span class='ocrx_word' id='word_1_166' title='bbox 491 1388 699 1438; x_wconf 78' lang='grc' dir='ltr'><strong><em>ἐπιθυμία</em></strong></span> <span class='ocrx_word' id='word_1_167' title='bbox 736 1388 867 1442; x_wconf 76' lang='grc' dir='ltr'><em>ἐξέβη.</em></span> <span class='ocrx_word' id='word_1_168' title='bbox 941 1387 1156 1441; x_wconf 76' lang='grc' dir='ltr'><strong><em>ἐξὴντλουν</em></strong></span> <span class='ocrx_word' id='word_1_169' title='bbox 1194 1383 1269 1430; x_wconf 75' lang='grc' dir='ltr'><strong><em>οὖν</em></strong></span> <span class='ocrx_word' id='word_1_170' title='bbox 1311 1386 1356 1429; x_wconf 83' lang='grc' dir='ltr'><strong>τὸ</strong></span> <span class='ocrx_word' id='word_1_171' title='bbox 1380 1387 1517 1443; x_wconf 84' lang='grc' dir='ltr'><strong><em>μύρον</em></strong></span> 
     </span>
     <span class='ocr_line' id='line_1_20' title="bbox 68 1450 1517 1507; baseline 0.002 -14"><span class='ocrx_word' id='word_1_172' title='bbox 68 1458 160 1500; x_wconf 83' lang='grc' dir='ltr'><strong><em>ταῖς</em></strong></span> <span class='ocrx_word' id='word_1_173' title='bbox 188 1455 336 1506; x_wconf 77' lang='grc' dir='ltr'><strong><em>χερσίν</em></strong></span> <span class='ocrx_word' id='word_1_174' title='bbox 365 1454 626 1507; x_wconf 85' lang='grc' dir='ltr'><strong><em>α’μφοτέραις</em></strong></span> <span class='ocrx_word' id='word_1_175' title='bbox 647 1454 713 1507; x_wconf 81' lang='grc' dir='ltr'><strong>ἐφ’</strong></span> <span class='ocrx_word' id='word_1_176' title='bbox 742 1451 887 1500; x_wconf 73' lang='grc' dir='ltr'><strong><em>ἱκανὰς</em></strong></span> <span class='ocrx_word' id='word_1_177' title='bbox 913 1450 990 1501; x_wconf 79' lang='grc' dir='ltr'><strong><em>τοὶς</em></strong></span> <span class='ocrx_word' id='word_1_178' title='bbox 1023 1452 1195 1507; x_wconf 78' lang='grc' dir='ltr'><strong><em>ἡμέρας.</em></strong></span> <span class='ocrx_word' id='word_1_179' title='bbox 1227 1455 1298 1495; x_wconf 84' lang='grc' dir='ltr'><em>καί</em></span> <span class='ocrx_word' id='word_1_180' title='bbox 1326 1459 1411 1502; x_wconf 82' lang='grc' dir='ltr'><strong><em>τοῖς</em></strong></span> <span class='ocrx_word' id='word_1_181' title='bbox 1438 1457 1517 1506; x_wconf 78' lang='grc' dir='ltr'><strong>μὲν</strong></span> 
     </span>
     <span class='ocr_line' id='line_1_21' title="bbox 6 1514 1512 1573; baseline 0.001 -14"><span class='ocrx_word' id='word_1_182' title='bbox 6 1533 57 1559; x_wconf 77' lang='lat'><strong>20</strong></span> <span class='ocrx_word' id='word_1_183' title='bbox 69 1515 125 1566; x_wconf 67' lang='lat'><strong>(5¹9</strong></span> <span class='ocrx_word' id='word_1_184' title='bbox 149 1534 188 1559; x_wconf 93' lang='grc' dir='ltr'><strong>τι</strong></span> <span class='ocrx_word' id='word_1_185' title='bbox 214 1522 373 1572; x_wconf 77' lang='grc' dir='ltr'><strong><em>γελοῖον</em></strong></span> <span class='ocrx_word' id='word_1_186' title='bbox 406 1518 569 1559; x_wconf 70' lang='grc' dir='ltr'><strong><em>ἐδόκει·</em></strong></span> <span class='ocrx_word' id='word_1_187' title='bbox 628 1514 689 1566; x_wconf 82' lang='grc' dir='ltr'><strong>οἷς</strong></span> <span class='ocrx_word' id='word_1_188' title='bbox 733 1519 778 1559; x_wconf 77' lang='grc' dir='ltr'><strong>δὲ</strong></span> <span class='ocrx_word' id='word_1_189' title='bbox 815 1520 914 1566; x_wconf 82' lang='grc' dir='ltr'><strong><em>νοῦς</em></strong></span> <span class='ocrx_word' id='word_1_190' title='bbox 941 1515 1045 1572; x_wconf 69' lang='grc' dir='ltr'><strong><em>ὑπὲρ</em></strong></span> <span class='ocrx_word' id='word_1_191' title='bbox 1084 1517 1184 1567; x_wconf 81' lang='grc' dir='ltr'><strong><em>τούς</em></strong></span> <span class='ocrx_word' id='word_1_192' title='bbox 1206 1514 1359 1568; x_wconf 68' lang='grc' dir='ltr'><strong><em>ἄλλους</em></strong></span> <span class='ocrx_word' id='word_1_193' title='bbox 1384 1519 1512 1573; x_wconf 76' lang='grc' dir='ltr'><strong><em>ὑπῆν,</em></strong></span> 
     </span>
     <span class='ocr_line' id='line_1_22' title="bbox 68 1579 1518 1638; baseline 0.001 -13"><span class='ocrx_word' id='word_1_194' title='bbox 68 1583 232 1632; x_wconf 77' lang='grc' dir='ltr'><strong><em>τούτοις</em></strong></span> <span class='ocrx_word' id='word_1_195' title='bbox 252 1579 302 1638; x_wconf 78' lang='grc' dir='ltr'><strong><em>ἧν</em></strong></span> <span class='ocrx_word' id='word_1_196' title='bbox 336 1585 529 1635; x_wconf 80' lang='grc' dir='ltr'><strong><em>ἐπιμελὲς</em></strong></span> <span class='ocrx_word' id='word_1_197' title='bbox 557 1581 662 1636; x_wconf 74' lang='grc' dir='ltr'><strong><em>πρὸς</em></strong></span> <span class='ocrx_word' id='word_1_198' title='bbox 689 1582 764 1638; x_wconf 77' lang='grc' dir='ltr'><strong>τήν</strong></span> <span class='ocrx_word' id='word_1_199' title='bbox 792 1581 954 1625; x_wconf 70' lang='grc' dir='ltr'><strong><em>ἑαυτῶν</em></strong></span> <span class='ocrx_word' id='word_1_200' title='bbox 982 1586 1104 1624; x_wconf 78' lang='grc' dir='ltr'><strong><em>τοῦτο</em></strong></span> <span class='ocrx_word' id='word_1_201' title='bbox 1121 1587 1415 1637; x_wconf 79' lang='grc' dir='ltr'><strong><em>μετακομίζειν</em></strong></span> <span class='ocrx_word' id='word_1_202' title='bbox 1443 1586 1518 1626; x_wconf 73' lang='grc' dir='ltr'><strong>καὶ</strong></span> 
     </span>
     <span class='ocr_line' id='line_1_23' title="bbox 66 1647 1514 1704; baseline 0.001 -15"><span class='ocrx_word' id='word_1_203' title='bbox 66 1651 160 1702; x_wconf 84' lang='grc' dir='ltr'><strong><em>μετ’</em></strong></span> <span class='ocrx_word' id='word_1_204' title='bbox 188 1651 334 1698; x_wconf 70' lang='grc' dir='ltr'><strong><em>αἰδοῦς</em></strong></span> <span class='ocrx_word' id='word_1_205' title='bbox 362 1647 571 1691; x_wconf 69' lang='grc' dir='ltr'><strong><em>ἅπτεσθαι</em></strong></span> <span class='ocrx_word' id='word_1_206' title='bbox 601 1651 672 1690; x_wconf 83' lang='grc' dir='ltr'><em>καί</em></span> <span class='ocrx_word' id='word_1_207' title='bbox 703 1647 990 1702; x_wconf 74' lang='grc' dir='ltr'><strong><em>σεβάσματος·</em></strong></span> <span class='ocrx_word' id='word_1_208' title='bbox 1023 1647 1271 1704; x_wconf 76' lang='grc' dir='ltr'><strong><em>ἠκηκόεισαν</em></strong></span> <span class='ocrx_word' id='word_1_209' title='bbox 1297 1649 1374 1704; x_wconf 68' lang='grc' dir='ltr'><strong>γάρ</strong></span> <span class='ocrx_word' id='word_1_210' title='bbox 1407 1650 1514 1704; x_wconf 84' lang='grc' dir='ltr'><strong><em>πρὸς</em></strong></span> 
     </span>
     <span class='ocr_line' id='line_1_24' title="bbox 67 1712 1511 1771; baseline 0 -14"><span class='ocrx_word' id='word_1_211' title='bbox 67 1718 150 1757; x_wconf 76' lang='grc' dir='ltr'><strong>τῶν</strong></span> <span class='ocrx_word' id='word_1_212' title='bbox 176 1718 493 1770; x_wconf 82' lang='grc' dir='ltr'><strong><em>πεπειραμένων</em></strong></span> <span class='ocrx_word' id='word_1_213' title='bbox 534 1712 590 1764; x_wconf 77' lang='grc' dir='ltr'><strong>ὥς</strong></span> <span class='ocrx_word' id='word_1_214' title='bbox 632 1716 827 1771; x_wconf 82' lang='grc' dir='ltr'><strong><em>ἰατρικῶν</em></strong></span> <span class='ocrx_word' id='word_1_215' title='bbox 865 1712 1100 1770; x_wconf 79' lang='grc' dir='ltr'><strong><em>φαρμάκων</em></strong></span> <span class='ocrx_word' id='word_1_216' title='bbox 1142 1713 1253 1757; x_wconf 80' lang='grc' dir='ltr'><strong><em>ἑστίν</em></strong></span> <span class='ocrx_word' id='word_1_217' title='bbox 1281 1717 1511 1771; x_wconf 80' lang='grc' dir='ltr'><strong><em>ἐνεργέστε-</em></strong></span> 
     </span>
    </p>
   </div>
   <div class='ocr_carea' id='block_1_3' title="bbox 64 1938 1509 2781">
    <p class='ocr_par' dir='ltr' id='par_1_3' title="bbox 64 1938 1509 2781">
     <span class='ocr_line' id='line_1_25' title="bbox 68 1938 1507 1983; baseline -0.001 -11"><span class='ocrx_word' id='word_1_218' title='bbox 68 1938 257 1983; x_wconf 73' lang='lat' dir='ltr'><strong>eepulchra</strong></span> <span class='ocrx_word' id='word_1_219' title='bbox 281 1943 457 1972; x_wconf 77' lang='lat' dir='ltr'><strong>exstructa</strong></span> <span class='ocrx_word' id='word_1_220' title='bbox 482 1943 639 1972; x_wconf 79' lang='lat' dir='ltr'><strong>reserata</strong></span> <span class='ocrx_word' id='word_1_221' title='bbox 667 1943 750 1971; x_wconf 85' lang='lat' dir='ltr'><strong>sunt</strong></span> <span class='ocrx_word' id='word_1_222' title='bbox 774 1943 809 1972; x_wconf 85' lang='lat' dir='ltr'><strong>et</strong></span> <span class='ocrx_word' id='word_1_223' title='bbox 839 1938 1007 1979; x_wconf 83' lang='lat' dir='ltr'><strong>disiecta,</strong></span> <span class='ocrx_word' id='word_1_224' title='bbox 1041 1943 1077 1971; x_wconf 89' lang='lat' dir='ltr'><strong>et</strong></span> <span class='ocrx_word' id='word_1_225' title='bbox 1099 1938 1308 1971; x_wconf 84' lang='lat' dir='ltr'><strong>cadaverum</strong></span> <span class='ocrx_word' id='word_1_226' title='bbox 1332 1938 1507 1983; x_wconf 77' lang='lat' dir='ltr'>reliquiae</span> 
     </span>
     <span class='ocr_line' id='line_1_26' title="bbox 68 1985 1508 2031; baseline -0.001 -13"><span class='ocrx_word' id='word_1_227' title='bbox 68 1986 106 2018; x_wconf 84' lang='lat' dir='ltr'><strong>in</strong></span> <span class='ocrx_word' id='word_1_228' title='bbox 131 1986 181 2019; x_wconf 77' lang='lat' dir='ltr'><strong>eIs</strong></span> <span class='ocrx_word' id='word_1_229' title='bbox 204 1986 361 2019; x_wconf 78' lang='lat' dir='ltr'><strong>iacentes</strong></span> <span class='ocrx_word' id='word_1_230' title='bbox 385 1997 491 2031; x_wconf 87' lang='lat' dir='ltr'><strong>super</strong></span> <span class='ocrx_word' id='word_1_231' title='bbox 518 1991 647 2018; x_wconf 84' lang='lat' dir='ltr'><strong>terram</strong></span> <span class='ocrx_word' id='word_1_232' title='bbox 672 1985 871 2030; x_wconf 66' lang='lat' dir='ltr'><strong>dispersaea</strong></span> <span class='ocrx_word' id='word_1_233' title='bbox 896 1985 933 2018; x_wconf 89' lang='lat' dir='ltr'><strong>in</strong></span> <span class='ocrx_word' id='word_1_234' title='bbox 958 1985 1030 2018; x_wconf 85' lang='lat' dir='ltr'><strong>illis</strong></span> <span class='ocrx_word' id='word_1_235' title='bbox 1059 1987 1153 2018; x_wconf 89' lang='lat' dir='ltr'><strong>euim</strong></span> <span class='ocrx_word' id='word_1_236' title='bbox 1177 1986 1314 2018; x_wconf 74' lang='lat' dir='ltr'><strong>&#39;Furcae</strong></span> <span class='ocrx_word' id='word_1_237' title='bbox 1337 1986 1508 2030; x_wconf 83' lang='lat' dir='ltr'><strong>pecunias</strong></span> 
     </span>
     <span class='ocr_line' id='line_1_27' title="bbox 67 2032 1509 2078; baseline 0.001 -14"><span class='ocrx_word' id='word_1_238' title='bbox 67 2044 87 2064; x_wconf 90' lang='lat' dir='ltr'><strong>a</strong></span> <span class='ocrx_word' id='word_1_239' title='bbox 116 2032 253 2066; x_wconf 80' lang='lat' dir='ltr'><strong>civibus</strong></span> <span class='ocrx_word' id='word_1_240' title='bbox 281 2033 476 2078; x_wconf 78' lang='lat' dir='ltr'><strong>repositas,</strong></span> <span class='ocrx_word' id='word_1_241' title='bbox 505 2043 609 2065; x_wconf 83' lang='lat' dir='ltr'><strong>causa</strong></span> <span class='ocrx_word' id='word_1_242' title='bbox 638 2033 706 2064; x_wconf 84' lang='lat' dir='ltr'><strong>iam</strong></span> <span class='ocrx_word' id='word_1_243' title='bbox 740 2037 990 2076; x_wconf 75' lang='lat' dir='ltr'>praenarrata,</span> <span class='ocrx_word' id='word_1_244' title='bbox 1014 2035 1210 2077; x_wconf 59' lang='lat' dir='ltr'><strong>imperem,</strong></span> <span class='ocrx_word' id='word_1_245' title='bbox 1246 2037 1509 2077; x_wconf 82' lang='lat' dir='ltr'>proptereaque</span> 
     </span>
     <span class='ocr_line' id='line_1_28' title="bbox 67 2078 1508 2124; baseline -0.001 -12"><span class='ocrx_word' id='word_1_246' title='bbox 67 2079 142 2112; x_wconf 81' lang='lat' dir='ltr'><strong>sere</strong></span> <span class='ocrx_word' id='word_1_247' title='bbox 168 2080 287 2112; x_wconf 83' lang='lat' dir='ltr'><strong>omnia</strong></span> <span class='ocrx_word' id='word_1_248' title='bbox 321 2085 358 2112; x_wconf 91' lang='lat' dir='ltr'><strong>et</strong></span> <span class='ocrx_word' id='word_1_249' title='bbox 395 2085 596 2112; x_wconf 82' lang='lat' dir='ltr'><strong>reserarunt</strong></span> <span class='ocrx_word' id='word_1_250' title='bbox 630 2085 666 2112; x_wconf 87' lang='lat' dir='ltr'><strong>et</strong></span> <span class='ocrx_word' id='word_1_251' title='bbox 701 2079 966 2121; x_wconf 78' lang='lat' dir='ltr'><strong>subverterunt3</strong></span> <span class='ocrx_word' id='word_1_252' title='bbox 998 2084 1035 2112; x_wconf 86' lang='lat' dir='ltr'><strong>at</strong></span> <span class='ocrx_word' id='word_1_253' title='bbox 1069 2079 1126 2112; x_wconf 90' lang='lat' dir='ltr'><strong>hic</strong></span> <span class='ocrx_word' id='word_1_254' title='bbox 1150 2078 1285 2124; x_wconf 83' lang='lat' dir='ltr'>duplici</span> <span class='ocrx_word' id='word_1_255' title='bbox 1312 2078 1356 2111; x_wconf 87' lang='lat' dir='ltr'><strong>de</strong></span> <span class='ocrx_word' id='word_1_256' title='bbox 1382 2090 1508 2120; x_wconf 84' lang='lat' dir='ltr'><strong>causa,</strong></span> 
     </span>
     <span class='ocr_line' id='line_1_29' title="bbox 67 2125 1509 2171; baseline -0.001 -12"><span class='ocrx_word' id='word_1_257' title='bbox 67 2131 141 2159; x_wconf 86' lang='lat' dir='ltr'><strong>tum</strong></span> <span class='ocrx_word' id='word_1_258' title='bbox 171 2132 316 2171; x_wconf 86' lang='lat' dir='ltr'><strong>propter</strong></span> <span class='ocrx_word' id='word_1_259' title='bbox 342 2138 384 2159; x_wconf 84' lang='lat' dir='ltr'><strong>ex</strong></span> <span class='ocrx_word' id='word_1_260' title='bbox 412 2137 487 2159; x_wconf 89' lang='lat' dir='ltr'><strong>non</strong></span> <span class='ocrx_word' id='word_1_261' title='bbox 513 2137 620 2171; x_wconf 88' lang='lat' dir='ltr'><strong>parvo</strong></span> <span class='ocrx_word' id='word_1_262' title='bbox 648 2137 734 2158; x_wconf 88' lang='lat' dir='ltr'><strong>auro</strong></span> <span class='ocrx_word' id='word_1_263' title='bbox 754 2131 791 2159; x_wconf 90' lang='lat' dir='ltr'><strong>et</strong></span> <span class='ocrx_word' id='word_1_264' title='bbox 818 2131 962 2170; x_wconf 84' lang='lat' dir='ltr'><strong>argento</strong></span> <span class='ocrx_word' id='word_1_265' title='bbox 985 2130 1021 2159; x_wconf 88' lang='lat' dir='ltr'><strong>et</strong></span> <span class='ocrx_word' id='word_1_266' title='bbox 1043 2125 1225 2171; x_wconf 83' lang='lat' dir='ltr'>lapidibus</span> <span class='ocrx_word' id='word_1_267' title='bbox 1250 2126 1416 2170; x_wconf 82' lang='lat' dir='ltr'>pretiosis</span> <span class='ocrx_word' id='word_1_268' title='bbox 1441 2137 1509 2158; x_wconf 87' lang='lat' dir='ltr'><strong>nec</strong></span> 
     </span>
     <span class='ocr_line' id='line_1_30' title="bbox 66 2173 1507 2217; baseline -0.001 -11"><span class='ocrx_word' id='word_1_269' title='bbox 66 2184 141 2206; x_wconf 84' lang='lat' dir='ltr'><strong>non</strong></span> <span class='ocrx_word' id='word_1_270' title='bbox 169 2178 205 2206; x_wconf 87' lang='lat' dir='ltr'><strong>et</strong></span> <span class='ocrx_word' id='word_1_271' title='bbox 228 2173 372 2216; x_wconf 83' lang='lat' dir='ltr'><strong>gemmis</strong></span> <span class='ocrx_word' id='word_1_272' title='bbox 398 2174 488 2205; x_wconf 81' lang='lat' dir='ltr'><strong>circa</strong></span> <span class='ocrx_word' id='word_1_273' title='bbox 512 2173 605 2205; x_wconf 84' lang='lat' dir='ltr'><strong>illud</strong></span> <span class='ocrx_word' id='word_1_274' title='bbox 631 2173 864 2217; x_wconf 88' lang='lat' dir='ltr'><strong>compositum</strong></span> <span class='ocrx_word' id='word_1_275' title='bbox 891 2177 1078 2212; x_wconf 81' lang='lat' dir='ltr'><strong>ornatum,</strong></span> <span class='ocrx_word' id='word_1_276' title='bbox 1104 2178 1178 2204; x_wconf 80' lang='lat' dir='ltr'><strong>tum</strong></span> <span class='ocrx_word' id='word_1_277' title='bbox 1203 2177 1349 2216; x_wconf 87' lang='lat' dir='ltr'><strong>propter</strong></span> <span class='ocrx_word' id='word_1_278' title='bbox 1372 2173 1507 2205; x_wconf 81' lang='lat' dir='ltr'><strong>sanita-</strong></span> 
     </span>
     <span class='ocr_line' id='line_1_31' title="bbox 66 2219 1507 2263; baseline -0.001 -10"><span class='ocrx_word' id='word_1_279' title='bbox 66 2225 139 2253; x_wconf 81' lang='lat' dir='ltr'><strong>tem</strong></span> <span class='ocrx_word' id='word_1_280' title='bbox 164 2220 338 2253; x_wconf 80' lang='lat' dir='ltr'><strong>exnibens</strong></span> <span class='ocrx_word' id='word_1_281' title='bbox 375 2219 536 2252; x_wconf 86' lang='lat' dir='ltr'><strong>divinum</strong></span> <span class='ocrx_word' id='word_1_282' title='bbox 565 2225 797 2263; x_wconf 80' lang='lat' dir='ltr'>unguentum.</span> <span class='ocrx_word' id='word_1_283' title='bbox 856 2219 1024 2253; x_wconf 87' lang='lat' dir='ltr'>nonnulli</span> <span class='ocrx_word' id='word_1_284' title='bbox 1060 2219 1154 2251; x_wconf 89' lang='lat' dir='ltr'><strong>enim</strong></span> <span class='ocrx_word' id='word_1_285' title='bbox 1187 2225 1332 2251; x_wconf 85' lang='lat' dir='ltr'><strong>ornatus</strong></span> <span class='ocrx_word' id='word_1_286' title='bbox 1367 2224 1507 2252; x_wconf 81' lang='lat' dir='ltr'><strong>tantum</strong></span> 
     </span>
     <span class='ocr_line' id='line_1_32' title="bbox 66 2264 1508 2311; baseline 0 -13"><span class='ocrx_word' id='word_1_287' title='bbox 66 2267 179 2310; x_wconf 80' lang='lat' dir='ltr'><strong>gratia</strong></span> <span class='ocrx_word' id='word_1_288' title='bbox 208 2266 300 2299; x_wconf 84' lang='lat' dir='ltr'><strong>iliud</strong></span> <span class='ocrx_word' id='word_1_289' title='bbox 318 2266 583 2311; x_wconf 85' lang='lat' dir='ltr'><strong>despoliarunt;</strong></span> <span class='ocrx_word' id='word_1_290' title='bbox 608 2267 671 2299; x_wconf 82' lang='lat' dir='ltr'><strong>alii</strong></span> <span class='ocrx_word' id='word_1_291' title='bbox 688 2265 791 2300; x_wconf 77' lang='lat' dir='ltr'><strong>nobis</strong></span> <span class='ocrx_word' id='word_1_292' title='bbox 816 2272 1078 2310; x_wconf 82' lang='lat' dir='ltr'><strong>unguentorum</strong></span> <span class='ocrx_word' id='word_1_293' title='bbox 1104 2265 1317 2297; x_wconf 79' lang='lat' dir='ltr'><strong>affluentiam</strong></span> <span class='ocrx_word' id='word_1_294' title='bbox 1339 2264 1508 2299; x_wconf 83' lang='lat' dir='ltr'><strong>inviden-</strong></span> 
     </span>
     <span class='ocr_line' id='line_1_33' title="bbox 66 2312 1507 2358; baseline -0.001 -12"><span class='ocrx_word' id='word_1_295' title='bbox 66 2319 142 2353; x_wconf 77' lang='lat' dir='ltr'><strong>tes,</strong></span> <span class='ocrx_word' id='word_1_296' title='bbox 167 2319 204 2346; x_wconf 86' lang='lat' dir='ltr'><strong>et</strong></span> <span class='ocrx_word' id='word_1_297' title='bbox 231 2324 325 2358; x_wconf 88' lang='lat' dir='ltr'><strong>quae</strong></span> <span class='ocrx_word' id='word_1_298' title='bbox 348 2313 433 2346; x_wconf 88' lang='lat' dir='ltr'><strong>inde</strong></span> <span class='ocrx_word' id='word_1_299' title='bbox 461 2313 702 2358; x_wconf 81' lang='lat' dir='ltr'><strong>subsequitur,</strong></span> <span class='ocrx_word' id='word_1_300' title='bbox 728 2313 880 2346; x_wconf 86' lang='lat' dir='ltr'><strong>sanitate</strong></span> <span class='ocrx_word' id='word_1_301' title='bbox 915 2325 978 2346; x_wconf 88' lang='lat' dir='ltr'><strong>nos</strong></span> <span class='ocrx_word' id='word_1_302' title='bbox 1003 2314 1140 2357; x_wconf 89' lang='lat' dir='ltr'><strong>privare</strong></span> <span class='ocrx_word' id='word_1_303' title='bbox 1165 2312 1376 2356; x_wconf 67' lang='lat' dir='ltr'><strong>cupienter»,</strong></span> <span class='ocrx_word' id='word_1_304' title='bbox 1401 2318 1442 2345; x_wconf 87' lang='lat' dir='ltr'><strong>ut</strong></span> <span class='ocrx_word' id='word_1_305' title='bbox 1467 2313 1507 2346; x_wconf 85' lang='lat' dir='ltr'><strong>in</strong></span> 
     </span>
     <span class='ocr_line' id='line_1_34' title="bbox 65 2359 1506 2405; baseline -0.001 -13"><span class='ocrx_word' id='word_1_306' title='bbox 65 2366 246 2405; x_wconf 86' lang='lat' dir='ltr'><strong>posterum</strong></span> <span class='ocrx_word' id='word_1_307' title='bbox 275 2361 338 2392; x_wconf 81' lang='lat' dir='ltr'><strong>illa</strong></span> <span class='ocrx_word' id='word_1_308' title='bbox 364 2359 468 2394; x_wconf 80' lang='lat' dir='ltr'><strong>nobis</strong></span> <span class='ocrx_word' id='word_1_309' title='bbox 484 2361 671 2400; x_wconf 85' lang='lat' dir='ltr'><strong>medicina,</strong></span> <span class='ocrx_word' id='word_1_310' title='bbox 697 2371 774 2392; x_wconf 87' lang='lat' dir='ltr'><strong>cum</strong></span> <span class='ocrx_word' id='word_1_311' title='bbox 799 2371 887 2405; x_wconf 81' lang='lat' dir='ltr'><strong>opus</strong></span> <span class='ocrx_word' id='word_1_312' title='bbox 914 2364 1017 2399; x_wconf 82' lang='lat' dir='ltr'><strong>esset,</strong></span> <span class='ocrx_word' id='word_1_313' title='bbox 1042 2359 1141 2391; x_wconf 81' lang='lat' dir='ltr'><strong>nulla</strong></span> <span class='ocrx_word' id='word_1_314' title='bbox 1165 2363 1383 2403; x_wconf 83' lang='lat' dir='ltr'><strong>suppeteret.</strong></span> <span class='ocrx_word' id='word_1_315' title='bbox 1415 2370 1506 2403; x_wconf 85' lang='lat' dir='ltr'><strong>qua·</strong></span> 
     </span>
     <span class='ocr_line' id='line_1_35' title="bbox 64 2405 1505 2486; baseline -0.001 -47"><span class='ocrx_word' id='word_1_316' title='bbox 64 2413 212 2486; x_wconf 63' lang='lat' dir='ltr'><strong>propter</strong></span> <span class='ocrx_word' id='word_1_317' title='bbox 236 2408 460 2452; x_wconf 79' lang='lat' dir='ltr'><strong>superstratis</strong></span> <span class='ocrx_word' id='word_1_318' title='bbox 483 2407 715 2440; x_wconf 80' lang='lat' dir='ltr'><strong>marmoribus</strong></span> <span class='ocrx_word' id='word_1_319' title='bbox 745 2406 899 2440; x_wconf 88' lang='lat' dir='ltr'><strong>disiectis</strong></span> <span class='ocrx_word' id='word_1_320' title='bbox 929 2411 1110 2450; x_wconf 83' lang='lat' dir='ltr'><strong>unguenta</strong></span> <span class='ocrx_word' id='word_1_321' title='bbox 1143 2417 1215 2438; x_wconf 90' lang='lat' dir='ltr'><strong>non</strong></span> <span class='ocrx_word' id='word_1_322' title='bbox 1242 2405 1314 2438; x_wconf 86' lang='lat' dir='ltr'><strong>levi</strong></span> <span class='ocrx_word' id='word_1_323' title='bbox 1338 2406 1416 2437; x_wconf 88' lang='lat' dir='ltr'><strong>nisu</strong></span> <span class='ocrx_word' id='word_1_324' title='bbox 1440 2417 1505 2438; x_wconf 83' lang='lat' dir='ltr'><strong>ex-</strong></span> 
     </span>
     <span class='ocr_line' id='line_1_36' title="bbox 91 2455 1503 2499; baseline -0.001 -13"><span class='ocrx_word' id='word_1_325' title='bbox 91 2455 246 2494; x_wconf 86' lang='lat' dir='ltr'><strong>auriunt,</strong></span> <span class='ocrx_word' id='word_1_326' title='bbox 270 2460 307 2487; x_wconf 86' lang='lat' dir='ltr'><strong>et</strong></span> <span class='ocrx_word' id='word_1_327' title='bbox 332 2465 469 2486; x_wconf 87' lang='lat' dir='ltr'><strong>sacrum</strong></span> <span class='ocrx_word' id='word_1_328' title='bbox 491 2455 724 2499; x_wconf 87' lang='lat' dir='ltr'><strong>divinumque</strong></span> <span class='ocrx_word' id='word_1_329' title='bbox 746 2455 906 2496; x_wconf 80' lang='lat' dir='ltr'><strong>martyris</strong></span> <span class='ocrx_word' id='word_1_330' title='bbox 933 2464 1058 2497; x_wconf 86' lang='lat' dir='ltr'><strong>corpus</strong></span> <span class='ocrx_word' id='word_1_331' title='bbox 1083 2463 1289 2497; x_wconf 82' lang='lat' dir='ltr'><strong>expromere</strong></span> <span class='ocrx_word' id='word_1_332' title='bbox 1315 2457 1503 2493; x_wconf 80' lang='lat' dir='ltr'><strong>conantur,</strong></span> 
     </span>
     <span class='ocr_line' id='line_1_37' title="bbox 65 2499 1502 2546; baseline -0.001 -14"><span class='ocrx_word' id='word_1_333' title='bbox 65 2500 307 2545; x_wconf 73' lang='lat' dir='ltr'><strong>opinabantur</strong></span> <span class='ocrx_word' id='word_1_334' title='bbox 330 2500 506 2545; x_wconf 85' lang='lat' dir='ltr'><strong>siquidem</strong></span> <span class='ocrx_word' id='word_1_335' title='bbox 534 2502 756 2546; x_wconf 86' lang='lat' dir='ltr'><strong>propositum</strong></span> <span class='ocrx_word' id='word_1_336' title='bbox 782 2501 953 2545; x_wconf 88' lang='lat' dir='ltr'><strong>consequi</strong></span> <span class='ocrx_word' id='word_1_337' title='bbox 994 2510 1130 2543; x_wconf 85' lang='lat' dir='ltr'><strong>nosque</strong></span> <span class='ocrx_word' id='word_1_338' title='bbox 1157 2504 1416 2542; x_wconf 75' lang='lat' dir='ltr'><strong>unguentorum</strong></span> <span class='ocrx_word' id='word_1_339' title='bbox 1442 2499 1502 2531; x_wconf 90' lang='lat' dir='ltr'><strong>in-</strong></span> 
     </span>
     <span class='ocr_line' id='line_1_38' title="bbox 65 2546 1502 2591; baseline -0.001 -11"><span class='ocrx_word' id='word_1_340' title='bbox 65 2547 318 2580; x_wconf 79' lang='lat' dir='ltr'><strong>exhaustorum</strong></span> <span class='ocrx_word' id='word_1_341' title='bbox 343 2547 380 2579; x_wconf 86' lang='lat' dir='ltr'><strong>iu</strong></span> <span class='ocrx_word' id='word_1_342' title='bbox 406 2548 595 2581; x_wconf 76' lang='lat' dir='ltr'><strong>orbitatem</strong></span> <span class='ocrx_word' id='word_1_343' title='bbox 628 2548 798 2591; x_wconf 79' lang='lat' dir='ltr'><strong>redigere.</strong></span> <span class='ocrx_word' id='word_1_344' title='bbox 847 2552 1104 2587; x_wconf 81' lang='lat' dir='ltr'><strong>verumtamen,</strong></span> <span class='ocrx_word' id='word_1_345' title='bbox 1144 2556 1247 2590; x_wconf 82' lang='lat' dir='ltr'><strong>quem</strong></span> <span class='ocrx_word' id='word_1_346' title='bbox 1275 2546 1343 2578; x_wconf 81' lang='lat' dir='ltr'><strong>sibi</strong></span> <span class='ocrx_word' id='word_1_347' title='bbox 1368 2551 1502 2579; x_wconf 78' lang='lat' dir='ltr'><strong>temere</strong></span> 
     </span>
     <span class='ocr_line' id='line_1_39' title="bbox 66 2592 1502 2638; baseline -0.001 -12"><span class='ocrx_word' id='word_1_348' title='bbox 66 2600 300 2638; x_wconf 80' lang='lat' dir='ltr'><strong>proposuerat</strong></span> <span class='ocrx_word' id='word_1_349' title='bbox 328 2605 450 2626; x_wconf 89' lang='lat' dir='ltr'><strong>eorum</strong></span> <span class='ocrx_word' id='word_1_350' title='bbox 476 2594 601 2635; x_wconf 86' lang='lat' dir='ltr'><strong>libido,</strong></span> <span class='ocrx_word' id='word_1_351' title='bbox 628 2596 733 2628; x_wconf 81' lang='lat' dir='ltr'><strong>finem</strong></span> <span class='ocrx_word' id='word_1_352' title='bbox 759 2605 832 2626; x_wconf 84' lang='lat' dir='ltr'><strong>non</strong></span> <span class='ocrx_word' id='word_1_353' title='bbox 855 2593 993 2626; x_wconf 85' lang='lat' dir='ltr'><strong>habuit.</strong></span> <span class='ocrx_word' id='word_1_354' title='bbox 1043 2604 1107 2637; x_wconf 83' lang='lat' dir='ltr'><strong>per</strong></span> <span class='ocrx_word' id='word_1_355' title='bbox 1131 2593 1250 2636; x_wconf 82' lang='lat' dir='ltr'><strong>plures</strong></span> <span class='ocrx_word' id='word_1_356' title='bbox 1277 2593 1398 2636; x_wconf 89' lang='lat' dir='ltr'><strong>itaque</strong></span> <span class='ocrx_word' id='word_1_357' title='bbox 1425 2592 1502 2624; x_wconf 82' lang='lat' dir='ltr'><strong>dies</strong></span> 
     </span>
     <span class='ocr_line' id='line_1_40' title="bbox 65 2638 1504 2686; baseline -0.001 -14"><span class='ocrx_word' id='word_1_358' title='bbox 65 2641 232 2673; x_wconf 85' lang='lat' dir='ltr'><strong>ambabus</strong></span> <span class='ocrx_word' id='word_1_359' title='bbox 259 2641 423 2675; x_wconf 76' lang='lat' dir='ltr'><strong>manibus</strong></span> <span class='ocrx_word' id='word_1_360' title='bbox 451 2648 672 2686; x_wconf 83' lang='lat' dir='ltr'><strong>unguentum</strong></span> <span class='ocrx_word' id='word_1_361' title='bbox 706 2641 1003 2680; x_wconf 80' lang='lat' dir='ltr'><strong>exhauriebatur,</strong></span> <span class='ocrx_word' id='word_1_362' title='bbox 1028 2645 1064 2672; x_wconf 82' lang='lat' dir='ltr'><strong>et</strong></span> <span class='ocrx_word' id='word_1_363' title='bbox 1087 2638 1298 2684; x_wconf 85' lang='lat' dir='ltr'><strong>quibusdam</strong></span> <span class='ocrx_word' id='word_1_364' title='bbox 1321 2639 1426 2684; x_wconf 85' lang='lat' dir='ltr'><strong>plane</strong></span> <span class='ocrx_word' id='word_1_365' title='bbox 1454 2639 1504 2671; x_wconf 88' lang='lat' dir='ltr'><strong>ri-</strong></span> 
     </span>
     <span class='ocr_line' id='line_1_41' title="bbox 66 2685 1502 2734; baseline -0.001 -15"><span class='ocrx_word' id='word_1_366' title='bbox 66 2686 223 2720; x_wconf 86' lang='lat' dir='ltr'><strong>diculum</strong></span> <span class='ocrx_word' id='word_1_367' title='bbox 253 2686 462 2731; x_wconf 79' lang='lat' dir='ltr'><strong>videbatur3</strong></span> <span class='ocrx_word' id='word_1_368' title='bbox 494 2694 529 2722; x_wconf 87' lang='lat' dir='ltr'><strong>at</strong></span> <span class='ocrx_word' id='word_1_369' title='bbox 564 2689 626 2734; x_wconf 89' lang='lat' dir='ltr'><strong>qui</strong></span> <span class='ocrx_word' id='word_1_370' title='bbox 659 2689 738 2733; x_wconf 83' lang='lat' dir='ltr'><strong>plus</strong></span> <span class='ocrx_word' id='word_1_371' title='bbox 778 2688 856 2720; x_wconf 84' lang='lat' dir='ltr'><strong>aliis</strong></span> <span class='ocrx_word' id='word_1_372' title='bbox 885 2686 1094 2731; x_wconf 82' lang='lat' dir='ltr'><strong>sapiebant,</strong></span> <span class='ocrx_word' id='word_1_373' title='bbox 1119 2697 1224 2719; x_wconf 85' lang='lat' dir='ltr'><strong>curae</strong></span> <span class='ocrx_word' id='word_1_374' title='bbox 1250 2691 1325 2719; x_wconf 88' lang='lat' dir='ltr'><strong>erat</strong></span> <span class='ocrx_word' id='word_1_375' title='bbox 1350 2685 1440 2718; x_wconf 83' lang='lat' dir='ltr'><strong>illud</strong></span> <span class='ocrx_word' id='word_1_376' title='bbox 1463 2687 1502 2718; x_wconf 86' lang='lat' dir='ltr'><strong>in</strong></span> 
     </span>
     <span class='ocr_line' id='line_1_42' title="bbox 65 2734 1502 2781; baseline -0.003 -14"><span class='ocrx_word' id='word_1_377' title='bbox 65 2735 216 2779; x_wconf 82' lang='lat' dir='ltr'><strong>patriam</strong></span> <span class='ocrx_word' id='word_1_378' title='bbox 239 2734 432 2781; x_wconf 86' lang='lat' dir='ltr'><strong>perducere</strong></span> <span class='ocrx_word' id='word_1_379' title='bbox 459 2741 597 2772; x_wconf 79' lang='lat' dir='ltr'><strong>etcum</strong></span> <span class='ocrx_word' id='word_1_380' title='bbox 629 2735 827 2770; x_wconf 81' lang='lat' dir='ltr'><strong>reverentia</strong></span> <span class='ocrx_word' id='word_1_381' title='bbox 863 2734 1110 2778; x_wconf 73' lang='lat' dir='ltr'><strong>religioneque</strong></span> <span class='ocrx_word' id='word_1_382' title='bbox 1147 2738 1384 2767; x_wconf 85' lang='lat' dir='ltr'><strong>contrectare:</strong></span> <span class='ocrx_word' id='word_1_383' title='bbox 1420 2743 1502 2765; x_wconf 82' lang='lat' dir='ltr'><strong>nam</strong></span> 
     </span>
    </p>
   </div>
  </div>
 </body>
</html>
