1806 3190
308 148 417 214 254
720 161 947 203 GEORGH
986 160 1308 202 PHRANTZAE

305 266 412 322 πηγῷ
440 265 512 306 καί
539 264 599 310 εἰς
627 257 760 302 πάντα
801 258 911 314 καλῷ
939 261 1011 299 καί
1037 258 1270 317 ἐπιτηδείῳ,
1297 258 1401 314 πρὸς
1433 257 1480 302 ὃν
1510 262 1582 304 καί
1609 260 1630 302 ὅ
1664 264 1740 315 βα-

304 331 449 380 σιλεύς
492 325 622 370 πολλὰ
666 326 837 380 θαρρῶν
874 320 926 380 ἦν
966 323 1035 367 δια
1065 324 1139 380 τήν
1165 325 1426 382 γενναιότητα
1457 329 1530 370 καί
1566 329 1742 383 α’νδρίαν

305 398 377 440 καί
403 397 555 450 τόλμην
583 393 743 444 αὐτοῦ,
784 391 911 447 ἐδόθη
940 391 1007 433 ἵνα
1044 389 1146 444 μετὰ
1174 395 1447 446 τετρακοσίων
1473 397 1744 448 στρατιωτῶν

298 465 470 508 Ἰταλῶν
500 476 545 501 τε
573 460 645 499 καί
676 457 895 510 Ῥωμαίων
924 456 1112 514 φυλάττῃ
1151 459 1196 500 ἐν
1222 465 1309 507 τοῖς
1335 461 1481 513 μέρεσι
1509 462 1582 513 τῆς
1610 459 1743 514 πύλης

303 531 380 572 τοῦ
409 528 527 582 ἁγίου
552 525 786 577 Ῥωμανοῦ,
814 519 920 565 ὅπου
950 523 988 566 οἱ
1014 526 1189 579 Τοῦρκοι
1222 529 1363 566 πλεῖον
1391 526 1473 567 τῶν
1502 520 1640 567 ἄλλων
1664 528 1780 577 pes-5

305 596 390 649 ρῶν
413 591 638 646 ἐμάχοντο·
709 592 782 632 καί
818 588 892 645 τήν
928 587 1113 643 ἑλεβόλιν
1149 590 1223 645 τὴν
1250 589 1431 645 μεγάλην
1457 592 1529 632 καί
1554 590 1630 646 την
1654 593 1743 633 ἐλε-

302 661 418 713 βόλιν
445 661 490 700 ἐν
513 659 682 706 ἐκείνοις
707 662 792 704 τοῖς
819 655 1185 711 μέρεσιν-ἔστησαν
1214 655 1285 698 διὰ
1313 654 1358 698 τὸ
1389 652 1497 699 εἶναι
1525 656 1598 699 τὸν
1623 654 1744 699 τόπον

301 722 534 779 ἐπιτήδειον
571 721 672 777 πρὸς
707 720 752 765 τὸ
793 726 1027 776 πολιορκεῖν
1068 721 1120 763 ra*
1161 723 1277 776 τείχη
1319 723 1392 764 καί
1426 721 1500 777 τήν
1526 723 1648 764 πόλιν
1673 721 1746 765 καί

303 789 374 832 διὰ
406 788 453 831 τὸ
484 786 586 832 εἶναι
626 791 699 830 καί
725 787 797 830 τὸν
841 788 1011 842 α’μηρᾶν
1040 787 1236 842 ἄντικρὺς
1264 789 1565 842 ε’σκηνωμένον.
1634 789 1742 830 Θεο-

303 855 424 913 δώρῳ
454 856 499 895 δὲ
526 855 582 909 τῷ
611 855 655 895 ἐκ
690 851 942 906 Καρύστου,
983 853 1109 908 α’νδρί
1150 853 1375 909 πολεμιστῇ
1402 854 1476 895 καί
1505 854 1774 910 δραστηρίῳι

303 924 375 963 καί
396 918 537 976 τοξότῃ
568 919 780 975 ἠσκημένῳ
817 917 923 972 ὑπὲρ
955 914 1202 973 ἄνθρωπον,
1231 921 1304 960 καί
1334 916 1500 976 Ἰωάννῃ
1528 919 1569 960 Γ
1565 920 1746 976 ερμανῷ,

305 985 430 1039 ἀνδρὶ
456 985 528 1034 τὰς
546 986 620 1026 τοῦ
647 987 829 1035 πολέμου
848 982 1045 1038 μηχανὰς
1072 986 1206 1033 καλῶς
1234 982 1376 1037 εἰδότι,
1408 984 1538 1039 ἐδόθη
1565 985 1633 1026 ἵνα
1663 1001 1748 1040 φυ-

305 1051 507 1094 λάττωσι-ν
535 1053 580 1092 ὲν
608 1056 692 1099 τοῖς
719 1051 865 1102 μέρεσι
894 1054 979 1097 τοῖς
1012 1051 1315 1102 Καλυγαρίοις.
1386 1048 1408 1090 ὁ
1439 1051 1484 1091 δὲ
1503 1049 1749 1104 Ἱερώνυμος

305 1120 379 1160 καί
401 1117 643 1170 Λεονάρδος
671 1113 710 1156 οἱ
742 1119 995 1169 Λιγουρῑται
1029 1116 1097 1156 ἵνα
1127 1114 1395 1170 φυλάττωσιν
1422 1116 1466 1156 ἐν
1489 1121 1574 1165 τοῖς
1600 1116 1748 1169 μέρεσι

304 1186 386 1237 τῆς
405 1180 536 1237 πύλης
562 1184 632 1235 τῆς
658 1182 878 1234 λεγομένης
896 1182 1074 1235 ξυλίνης.
1131 1183 1189 1236 τῷ
1221 1182 1267 1222 δὲ
1293 1182 1522 1238 καρδινάλῃ
1545 1181 1748 1230 Ῥωσσίας
1764 1199 1779 1224 ι

307 1250 433 1303 ἐδόθη
460 1249 529 1290 ἵνα
572 1244 761 1303 φυλάττῃ
808 1247 851 1287 ἐν
878 1251 962 1294 τοῖς
988 1249 1135 1301 μέρεσι
1173 1250 1249 1287 τοῦ
1280 1249 1542 1301 Κυνηγεσίου
1571 1250 1644 1288 καί
1671 1249 1749 1296 ἕως

306 1317 383 1358 τοῦ
411 1314 531 1368 ἁγίου
558 1313 815 1368 Δημητρίου.
872 1310 894 1352 ὁ
930 1314 976 1354 δὲ
1008 1315 1139 1366 μέγας
1169 1311 1269 1363 δοὺξ
1298 1315 1471 1360 Λουκᾶς
1499 1313 1520 1353 ὃ
1555 1315 1750 1367 Νοταρᾶς

307 1382 377 1424 ἵνα
406 1378 594 1437 φυλάττῃ
623 1381 667 1420 ἐν
694 1385 777 1428 τοῖς
809 1380 955 1434 μέρεσι
994 1382 1069 1419 τοῦ
1097 1381 1287 1432 Πετρίου
1317 1379 1390 1420 καί
1417 1381 1494 1428 ἕως
1519 1381 1591 1434 τῆς
1618 1377 1752 1434 πύλης

307 1449 382 1502 τῆς
413 1446 533 1501 ἁγίας
565 1447 808 1493 Θευδοσίας.
883 1447 927 1486 ἐν
968 1446 1013 1486 δὲ
1039 1452 1123 1494 τοῖς
1145 1445 1294 1499 μέρεσι
1333 1447 1401 1499 τῆς
1429 1443 1560 1500 πύλης
1585 1447 1657 1500 τῆς
1683 1449 1752 1486 λε-

307 1513 482 1568 γομένης
506 1511 663 1562 ὡραίας
703 1510 930 1567 φυλάττειν
965 1510 1208 1565 ὥρι’σθησαν
1243 1509 1282 1552 οἱ
1309 1514 1460 1553 ναῦται
1489 1514 1562 1552 καί
1587 1509 1624 1552 οἱ
1651 1508 1783 1555 νεκύ-2

308 1584 452 1634 κληροι
490 1580 563 1618 καί
598 1577 860 1631 κυβερνῆται,
899 1575 973 1625 οὓς
1012 1573 1124 1630 εἶχεν
1157 1574 1180 1630 ἦ
1209 1578 1311 1624 ναῦς
1340 1574 1364 1631 ἦ
1393 1579 1438 1618 ἐκ
1465 1580 1540 1631 τῆς
1564 1576 1755 1632 Κρήτης.-

310 1646 375 1700 (4)
419 1646 475 1702 τῷ
503 1645 550 1685 δὲ
576 1641 769 1697 Γαβριὴλ
804 1639 1035 1700 Τριβιζὰνῳ
1069 1644 1125 1699 τῷ
1152 1645 1232 1684 τῶν
1254 1641 1423 1685 Ἑνετῶν
1447 1641 1650 1699 τριήρεων
1677 1659 1752 1684 κα-

310 1710 485 1768 πετανίῳ
501 1708 604 1763 μετὰ
629 1708 701 1750 καί
727 1705 878 1765 ἑτέρων
904 1709 1068 1763 α’νδρῶν
1106 1706 1351 1761 πεντήκοντα
1369 1708 1497 1765 ἐδόθη
1527 1706 1754 1766 φυλάττειν

405 1829 439 1862 6.
465 1827 654 1871 τηλέβολον
672 1828 696 1860 Ρ
822 1837 872 1859 ιο.
898 1812 1223 1875 δραστηρικωτάτῳ
1247 1826 1273 1860 Ρ
1415 1829 1468 1864 13.
1493 1827 1568 1867 τῶν
1589 1830 1754 1876 καλυγα-

407 1877 499 1922 ρι’ων
522 1875 547 1908 Ρ
657 1876 705 1907 16.
733 1876 894 1920 κυνηγοῦ
915 1875 940 1908 Ρ
1072 1884 1129 1907 22.
1158 1874 1310 1921 ἄρχοντι
1336 1875 1361 1908 Ρ

314 1987 427 2022 hanni
464 1986 688 2027 Iustiniano,
726 1985 810 2018 duci
839 1998 974 2020 summo
1011 1991 1048 2019 et
1085 1986 1290 2032 ubicunque
1317 1992 1401 2032 apto
1444 1992 1480 2020 et
1504 1986 1660 2029 idoneo,
1696 1987 1754 2020 cui

314 2037 508 2080 imperator
531 2039 680 2079 propter
703 2043 913 2077 generosum
934 2034 1091 2066 animum
1105 2059 1113 2075 ‚
1140 2033 1387 2067 fortitudinem
1415 2039 1452 2067 et
1475 2033 1661 2068 audaciam
1674 2034 1757 2080 plu-

315 2083 442 2116 rimum
468 2080 682 2122 confidebat,
700 2080 774 2113 dati
793 2086 876 2113 sunt
905 2080 1157 2125 quadringenti
1181 2081 1312 2114 milites
1336 2080 1418 2114 Itali
1443 2086 1480 2114 et
1493 2082 1650 2122 Romani,
1674 2081 1759 2128 qui-

316 2130 466 2163 buscum
490 2128 667 2171 regionem
706 2126 752 2160 ad
791 2132 931 2172 portam
971 2128 1084 2161 sancti
1112 2128 1259 2161 Romani
1292 2127 1508 2169 defensaret,
1532 2127 1594 2161 ubi
1619 2128 1758 2161 'run-cae

316 2177 445 2216 acrius,
470 2186 575 2220 quam
588 2175 626 2207 in
652 2174 800 2219 reliquis
819 2174 920 2214 locis,
944 2174 1156 2219 pugnabant
1178 2179 1450 2220 statuerantque
1475 2186 1634 2220 magnam
1656 2175 1757 2208 illam

317 2222 534 2268 helepolim,
558 2227 747 2267 propterea
772 2220 868 2267 quod
903 2221 933 2254 is
956 2221 1057 2254 locus
1084 2221 1130 2254 ad
1157 2221 1394 2267 oppugnanda
1419 2223 1561 2255 moenia
1594 2222 1759 2268 inprimis

317 2268 525 2304 commodus
565 2274 602 2302 et
627 2268 820 2302 tentorium
846 2279 985 2301 amerae
1017 2279 1036 2300 e
1062 2269 1206 2313 regione
1231 2273 1316 2302 erat.
1365 2267 1557 2302 Theodoro
1583 2268 1757 2313 Carystio,

316 2319 396 2350 viro
428 2316 602 2350 bellicoso
635 2321 672 2348 et
704 2321 871 2355 strenuo,
907 2326 949 2348 ac
982 2316 1164 2358 sagittario
1191 2316 1297 2360 longe
1327 2315 1639 2358 exercitatissimo,
1670 2316 1758 2349 item

318 2364 476 2398 Iohanni
498 2363 691 2402 Germano,
712 2361 953 2395 machinarum
978 2361 1187 2395 bellicarum
1213 2362 1339 2395 artifici
1363 2363 1480 2407 perito
1499 2388 1509 2404 ,
1532 2363 1629 2407 regio
1652 2362 1758 2406 Caly-

321 2412 499 2455 gariorum
530 2408 759 2443 defendenda
781 2414 869 2442 erat.
924 2409 1139 2452 Hieronymo
1166 2414 1202 2442 et
1225 2409 1411 2442 Leonardo
1438 2409 1628 2454 Liguribus
1653 2415 1756 2454 porta

320 2458 506 2491 commissa
542 2462 618 2497 est,
655 2466 746 2502 quae
781 2467 800 2489 a
833 2456 931 2500 ligno
969 2467 1101 2489 nomen
1128 2455 1248 2489 habet.
1278 2456 1451 2489 cardinali
1482 2457 1625 2490 Rossiae
1659 2457 1758 2501 regio

321 2504 508 2549 Cynegesii
528 2503 573 2537 ad
598 2508 759 2536 sanctum
799 2513 912 2547 usque
937 2503 1174 2537 Demetrium.
1192 2503 1275 2536 data
1302 2508 1365 2537 est.
1390 2514 1537 2547 magnus
1566 2503 1662 2544 dux,
1686 2504 1759 2538 Lu·

322 2563 379 2584 cas
404 2552 564 2591 Notaras,
590 2551 766 2596 regionem
793 2549 878 2582 inde
913 2560 932 2581 a
956 2550 1071 2582 Petu-io
1105 2561 1217 2595 usque
1243 2549 1287 2582 ad
1313 2556 1450 2595 portam
1469 2555 1610 2583 sanctae
1634 2549 1759 2583 Theo-

324 2598 446 2632 dosiae
469 2598 617 2643 accepit.
645 2597 689 2630 ad
715 2601 871 2643 portam,
906 2596 961 2629 cui
985 2607 1117 2630 nomen
1150 2597 1293 2642 pulcrae
1332 2603 1403 2637 est,
1429 2601 1571 2638 nautae,
1598 2596 1758 2630 naucleri

326 2650 363 2678 et
387 2645 640 2689 gubernatores
673 2644 791 2684 navis,
825 2654 916 2688 quae
954 2653 973 2676 e
998 2644 1101 2676 Creta
1136 2649 1301 2684 venerat,
1328 2645 1511 2677 constituti
1536 2649 1648 2678 erant.
1705 2642 1758 2690 (4)

324 2691 483 2724 Gabrieli
509 2691 719 2730 Tribizano‚
754 2691 969 2724 Venetarum
1005 2690 1195 2723 triremium
1228 2691 1424 2735 praefecto,
1463 2695 1499 2723 et
1533 2690 1614 2723 aliis
1650 2690 1759 2735 quin-

324 2739 495 2784 quaginta
519 2739 604 2772 viris
631 2737 676 2771 ad
704 2737 898 2773 custodiam
933 2737 1110 2781 assignata
1155 2743 1208 2771 est
1244 2740 1348 2771 turris
1383 2738 1421 2772 in
1449 2736 1568 2771 medio
1593 2737 1714 2778 fluctu,
1738 2747 1757 2770 e
