1806 3190
552 192 650 231 Lm.
676 193 728 230 11.
768 190 885 231 CAP.
913 193 1022 238 vm,
1422 169 1527 244 ¹49

101 282 176 332 οὖν
217 285 296 341 ἐγώ
331 287 575 329 συνώδευσα
611 288 726 345 αὐτῷ
761 286 861 340 μετὰ
901 289 1182 343 στρατιωτῶν,
1239 287 1312 330 καῖ
1336 290 1434 343 περὶ
1458 286 1535 343 τὴν

101 349 200 394 ὁδὸν
226 351 416 407 εὑρεθείς
453 352 608 395 ‘Paean
642 352 664 395 ὅ
703 353 883 407 Θωμᾶς,
922 356 995 396 καί
1026 356 1202 406 νομίσας
1230 349 1401 397 εὔκολον
1429 351 1538 397 εἶναι

101 416 170 459 ἵνα
198 413 280 474 ἄρῃ
321 417 450 459 αὐτὸν
477 419 546 459 ἄπ’
580 419 701 472 ἐμοῦ,
732 419 805 460 καί
837 420 897 468 εἰς
928 421 1116 462 κίνδυνον
1145 416 1250 474 ἦλθε
1277 423 1356 462 τοῦ
1385 407 1540 476 ςόυέναι

102 482 184 526 οἷνά
212 485 296 524 τῶν
321 483 517 539 ἀδελφῶν
544 500 584 526 τι
610 482 798 538 μάχιμον
825 484 898 526 καί
923 483 1132 539 λυπηρόν·
1192 482 1306 539 ὅμως
1333 481 1409 527 οὖν
1434 484 1540 526 θεοῦ

26 544 372 598 1ῚῚξ’)εὖδοκοῦντος
415 551 568 591 ἐκεῖνον
607 552 686 601 μὲν
729 552 838 592 σῶον
875 549 1187 606 οἷπεκατέστησα
1233 551 1398 604 οἴκαδε,
1425 547 1538 604 κᾶγιό

24 621 28 623 ’
101 617 357 670 ἐπιστρέψας
402 610 526 670 εὗρον
569 614 643 656 τὸν
671 614 874 670 αὐθέντην
899 630 983 668 μου
1020 618 1063 657 ἐν
1094 619 1152 672 τῷ
1185 618 1260 658 τοῦ
1298 616 1419 671 ἁγίου
1448 618 1578 664 'Ar-B

104 683 227 736 δρέου
266 683 343 722 τοῦ
383 675 679 735 πρωτοκλήτου
713 683 798 738 ναῷ
836 683 910 723 καί
947 681 1069 739 τάφῳ
1115 680 1388 724 ἀποσωθέντα
1427 684 1481 739 τῇ
1505 681 1540 723 δ’

98 746 273 789 Ἰουνίου
308 743 498 800 ἑσπέρας.
553 750 604 804 τῇ
632 745 660 787 ε’
689 748 805 801 πρωῒ
839 749 917 789 τοῦ
943 748 1099 800 αὐτοῦ’,
1134 748 1269 806 ἡμέρᾳ
1297 749 1439 805 πρώτῃ
1472 751 1545 803 τῆς

102 810 355 865 ἑβδομάδος,
395 811 629 861 ἐξελθόντες
653 812 803 862 πάντες
832 811 871 854 οἱ
908 815 985 854 τοῦ
1016 812 1199 867 κάστρου
1228 812 1406 867 ἔγκριτοι
1433 812 1540 867 μετὰ

33 894 92 921 ‘10
104 877 255 927 παντὸς
279 880 352 920 τοῦ
378 881 485 919 λαοῦ
503 911 514 932 ,
545 877 618 920 καί
643 880 834 928 ἐλθόντες
860 884 987 934 μέχρι
1015 879 1085 920 καί
1111 882 1187 920 τοῦ
1216 876 1414 935 ῥηθέντος
1438 879 1542 920 ναοῦ

101 946 178 986 τοῦ
204 944 323 998 ἁγίου
349 945 568 999 Ἀνδρέου,
613 943 687 986 τόν
715 943 916 1000 δεσπότην
947 947 1020 986 καί
1046 945 1251 1000 αὐθέντην
1279 960 1363 998 μου
1391 959 1542 1000 προσε-

100 1010 285 1065 κύνησαν
322 1009 394 1051 καί
434 1008 511 1058 τὰς
551 1014 659 1058 κλεῖς
696 1012 771 1051 τοῦ
798 1011 980 1065 κάστρου
1012 1013 1260 1065 παρέδωκαν
1288 1011 1413 1067 αὐτῷ,
1471 1009 1545 1051 καὶ

101 1071 231 1125 οὕτως
257 1074 497 1130 κινήσαντες
537 1075 637 1128 μετὰ
669 1079 862 1131 πλείστης
895 1079 1035 1131 χαρᾶς
1077 1074 1300 1132 α’μφότερα
1331 1075 1380 1118 τοὶ
1410 1077 1541 1132 μέρη,

101 1144 206 1195 λέγω
242 1144 317 1183 τοῦ
355 1143 562 1183 αὕθέντου
590 1157 673 1195 μου
710 1141 783 1183 καί
809 1145 885 1184 τοῦ
916 1146 1190 1196 πτολιέθρου,
1229 1145 1337 1191 τινὲς
1366 1142 1540 1198 ἔφιπποι

34 1206 87 1247 »ἰό
101 1209 177 1249 καί
197 1223 302 1256 τινες
329 1208 469 1261 πεζοί,
508 1209 678 1256 ἕκαστος
724 1208 827 1249 κατά
870 1207 944 1262 τὴν
981 1205 1138 1250 ἑαυτοῦ
1164 1207 1439 1263 πηλικότητα,
1471 1207 1543 1250 καὶ

98 1271 352 1321 εἰσελθόντες
383 1275 441 1322 εἰς
470 1271 516 1314 τὸ
548 1271 726 1328 κάστρον
751 1276 879 1327 μέχρι
906 1274 976 1315 καί
1001 1276 1082 1316 τῶν
1109 1273 1214 1315 κατὰ
1243 1273 1317 1316 τόν
1342 1271 1440 1316 ναὸν
1466 1275 1540 1315 τοῦ

99 1336 221 1392 ἆγίου
250 1337 461 1380 Νικολάου
503 1339 726 1391 δωματίων
763 1337 1030 1394 ἀπήλθομεν,
1065 1343 1139 1394 τῆς
1164 1342 1242 1390 μὲν
1275 1337 1379 1381 ὁδοῦ
1406 1339 1539 1393 πάσης

96 1406 432 1460 κατεστρωμένης
458 1401 584 1459 οὔσης
611 1403 778 1447 πάντων
817 1407 1007 1457 α’νθέων,
1038 1408 1111 1447 καί
1141 1407 1364 1458 εὐκοσμίας
1393 1407 1437 1447 ἐκ
1469 1407 1538 1446 δε·-

97 1473 195 1521 ξιῶν
220 1486 264 1512 τε
301 1470 373 1512 καί
413 1473 456 1522 ἐξ
485 1471 737 1524 ειῖωνύμων,
783 1473 828 1512 ἐκ
858 1469 999 1523 δόμων
1041 1471 1245 1512 πάντοθεν
1277 1471 1538 1527 ῥαινομένων

31 1533 453 1590 θοροδοσταμμιὲτων
486 1539 559 1578 καί
597 1535 735 1592 ῥόδων
779 1538 851 1578 καί
887 1535 1294 1592 τριακονταφύλλων.
1376 1535 1456 1578 α’πό
1500 1538 1538 1578 δ’

96 1596 259 1644 ἄνωθεν
291 1605 368 1644 τοῦ
395 1602 602 1658 φρουρίου
633 1598 723 1658 ἤτοι
752 1604 827 1644 τοῦ
856 1600 1019 1657 πύργου
1045 1602 1112 1643 διὰ
1138 1603 1298 1644 σκευῶν
1317 1603 1391 1644 καί
1415 1602 1538 1656 τζαγ-

189 1731 223 1764 3.
251 1729 414 1777 φυῆναιῖ
537 1742 586 1764 12.
614 1732 678 1765 καὶ
700 1725 767 1768 τὰς
793 1751 834 1756 -
862 1728 961 1775 αὐτῷ
989 1742 1045 1763 om
1070 1731 1095 1763 P
1244 1730 1293 1773 14.
1317 1730 1538 1776 πτολιέθρου

186 1776 268 1820 ἤτοι
289 1778 451 1823 κὰστρου
475 1778 569 1816 τινὲς
590 1778 627 1811 Μ
758 1778 807 1809 15.
833 1776 1065 1819 ποικιλότητα
1090 1779 1115 1810 Ρ
1238 1779 1286 1811 16.
1315 1779 1355 1812 ἐν
1378 1777 1426 1822 τῷ
1449 1789 1539 1811 πτο-

188 1825 323 1870 λιέθρῳ
349 1824 426 1867 ἦτοι
459 1824 606 1871 κάστρῳ
634 1825 659 1857 Ρ
797 1826 844 1857 18.
871 1823 1103 1870 εὐκοσμὴσας
1128 1823 1166 1855 Μ
1289 1835 1337 1869 ¹9·
1363 1823 1491 1870 δήμων
1514 1825 1539 1857 P

189 1871 435 1918 ῥοδοστάμων
458 1873 482 1905 P
603 1882 658 1904 20.
686 1873 748 1905 καὶ
776 1870 971 1916 τριάκοντα
1002 1871 1153 1917 φύλλων
1177 1882 1233 1903 om
1252 1871 1276 1904 P

97 1996 155 2029 abi
180 1995 218 2028 in
242 1994 365 2028 urbem
396 2001 448 2035 et,
473 1994 569 2040 quod
588 2000 708 2039 potes,
736 1994 866 2028 effice.”
893 1995 947 2028 his
973 1993 1120 2035 auditis,
1145 1993 1284 2039 petivit,
1308 1998 1348 2026 ut
1375 1998 1451 2026 tute
1478 2005 1538 2026 ur-

96 2044 178 2076 bem
215 2043 373 2075 intraret.
411 2043 533 2087 itaque
568 2043 681 2075 iussus
717 2053 780 2086 ego
813 2054 884 2075 una
909 2043 1047 2087 perrexi
1072 2053 1150 2074 cum
1174 2052 1280 2073 manu
1305 2041 1469 2073 militum.
1499 2042 1538 2074 in

97 2091 225 2124 itinere
250 2090 287 2122 in
317 2089 490 2122 'l‘homam
523 2090 669 2122 Rutilum
697 2088 906 2122 incidimus:
933 2090 995 2134 qui
1022 2100 1130 2133 quum
1157 2088 1263 2120 facile
1289 2099 1325 2120 se
1350 2099 1452 2131 posse
1480 2088 1540 2120 Io-

96 2137 301 2170 hannicium
326 2148 345 2168 a
370 2147 426 2169 me
449 2136 646 2169 distrahere
673 2136 916 2178 arbitraretur,
941 2136 1140 2180 periculum
1166 2140 1255 2174 erat,
1279 2146 1322 2166 ne
1350 2135 1442 2166 inter
1466 2134 1538 2166 fra-

98 2190 168 2217 tres
197 2195 336 2229 pugnae
363 2189 398 2216 et
427 2184 519 2215 mala
546 2184 792 2215 excitarentur.
820 2183 883 2216 sed
908 2184 1049 2215 favente
1074 2182 1160 2221 deo,
1185 2182 1287 2213 illum
1310 2181 1445 2213 salvum
1473 2180 1539 2213 do-

98 2242 192 2264 mum
222 2231 381 2270 restitui,
410 2235 518 2274 atque
543 2231 618 2274 ipse
647 2241 821 2270 reversus,
846 2230 883 2262 in
909 2230 1043 2274 templo
1071 2234 1108 2261 et
1135 2229 1298 2272 sepulcro
1324 2228 1434 2260 sancti
1461 2227 1539 2260 An·-

101 2278 225 2319 dreae,
251 2278 311 2321 qui
339 2277 469 2321 primus
492 2276 537 2308 nd
565 2278 803 2320 apostolatum
826 2282 969 2309 vocatus
1003 2282 1078 2315 est,
1105 2274 1377 2308 Constantinum
1405 2274 1539 2314 inveni,

99 2330 224 2370 quarto
250 2324 308 2356 die
338 2324 449 2364 Iunii,
477 2323 522 2356 ad
557 2335 751 2367 vesperam.
786 2323 844 2356 die
869 2325 1013 2369 quinto,
1051 2323 1111 2367 qui
1137 2327 1213 2354 erat
1243 2322 1375 2365 primus
1401 2320 1542 2354 hebdo-

98 2371 228 2411 madis,
254 2382 357 2402 mane
384 2382 505 2403 omnes
532 2370 656 2415 oppidi
682 2371 852 2414 primores
890 2377 925 2403 et
955 2369 1056 2415 plebs
1083 2369 1243 2401 universa
1270 2367 1315 2399 ad
1345 2368 1541 2412 templum,

98 2418 142 2451 (le
172 2429 243 2461 quo
270 2416 402 2449 dictum
434 2423 506 2456 est,
539 2418 734 2460 progressi,
768 2417 976 2462 despotam,
1010 2415 1194 2448 dominum
1226 2425 1361 2454 meum,
1394 2416 1566 2447 venera-¹

98 2464 208 2497 bnndi
235 2465 434 2496 salutarunt
456 2464 748 2508 tradideruntque
790 2464 822 2496 ei
848 2463 971 2509 oppidi
997 2463 1123 2495 claves.
1153 2463 1199 2494 ita
1230 2461 1365 2493 laetitia
1391 2461 1543 2494 maxima

98 2523 178 2557 pars
196 2517 358 2555 utraque,
374 2516 410 2543 et
428 2510 563 2543 domini
576 2511 657 2550 mei,
673 2516 709 2544 et
725 2510 870 2555 oppidi,
888 2511 946 2542 alii
978 2515 1174 2555 equestres,
1205 2507 1265 2538 alii
1294 2507 1446 2551 pedites,
1476 2518 1543 2553 pro

97 2569 159 2591 sua
187 2558 336 2603 quisque
363 2557 587 2598 conditione,
613 2557 840 2597 incedebant,
871 2564 981 2602 atque
1005 2561 1154 2588 castrum
1183 2554 1332 2596 ingressi
1361 2565 1473 2599 usque
1498 2553 1544 2586 ad

97 2605 276 2638 aediculas
306 2604 403 2636 iuxta
420 2605 588 2649 templum
614 2605 724 2637 sancti
743 2605 881 2637 Nicolai
908 2605 991 2637 sitas
1010 2602 1255 2647 processimus,
1275 2606 1349 2633 tota
1374 2601 1432 2634 via
1457 2611 1546 2634 con-

96 2657 201 2684 strata
254 2652 366 2684 omnis
417 2652 554 2694 generis
603 2650 750 2684 floribus
789 2657 825 2684 et
862 2650 907 2683 ad
951 2650 1109 2682 dextram
1152 2649 1360 2692 laevumque
1400 2653 1543 2686 ornata,

97 2710 203 2743 quium
235 2709 253 2731 e
278 2697 443 2730 domibus
477 2698 621 2742 insuper
658 2697 815 2742 undique
856 2707 948 2743 aqua
991 2705 1131 2728 rosacea
1165 2700 1200 2727 et
1239 2705 1338 2727 rosae
1364 2700 1400 2727 et
1424 2693 1546 2727 odori-

97 2745 169 2778 fera
214 2744 300 2778 solia
334 2750 586 2789 spargerentur.
626 2744 670 2777 de
715 2755 848 2778 summo
890 2749 1008 2777 autem
1051 2741 1197 2775 castello
1239 2741 1310 2774 sive
1342 2751 1421 2774 arce
1465 2741 1544 2774 telis
