1806 3190
305 123 417 179 530
695 141 914 184 lOANle
974 140 1335 183 ANAGNos‘rAE

221 253 287 298 375
301 244 405 284 σθαι
425 243 575 296 γέγονε,
605 243 739 296 λέγειν
770 242 892 284 οὐδὲν
923 239 1083 284 ἔπεισιν
1106 238 1207 284 ἄλλο
1234 244 1386 298 ταύτης
1403 260 1449 298 γε
1476 248 1570 302 πέρι
1599 244 1629 303 ἦ
1656 258 1740 301 ψυ-

298 306 381 363 χην
409 303 566 362 ὅσαπερ
602 309 643 356 ές
677 309 866 360 α’θυμίαν
902 305 1101 360 ἐμβάλλει
1127 307 1260 363 πηγάς
1291 325 1335 351 τε
1366 311 1560 366 δακρύων
1588 315 1631 364 ἐξ
1663 315 1739 366 ὀμ-

298 370 442 426 μάτων
487 377 741 428 προχεῖσθαι
779 372 1103 427 παρασκευάζει.
1175 373 1329 424 πολλάς
1367 379 1444 428 μὲν
1484 378 1564 432 γὰρ
1593 378 1738 420 κάλλει

298 442 371 481 καί
388 441 505 480 θέσει
521 472 532 491 ,
561 439 717 488 πολλὰς
737 440 782 481 δὲ
807 443 977 493 μεγέθει
995 440 1069 481 καί
1095 442 1147 497 τῇ
1167 442 1248 482 τῶν
1275 445 1413 484 καλῶν
1441 445 1625 501 α’φθονίᾳ
1640 445 1740 500 μηδ’

298 501 396 546 ὅσον
429 506 559 546 εἰπεῖν
588 502 820 559 ὑπερέβαλε
859 505 1012 554 πόλεις.
1070 506 1141 547 καί
1172 505 1233 562 [ἃ]
1265 509 1363 562 πρίν
1391 511 1468 561 μὲν
1498 509 1631 563 ἐκόμα
1655 513 1778 560 τοῖς5

297 566 471 624 ἀγαθοῖς
502 569 575 612 καί
610 571 770 628 πλούτῳ
795 573 852 628 τῷ
879 573 1178 629 θρυλουμένη),
1205 574 1298 614 νυνί
1325 575 1382 627 δέ,
1411 574 1470 623 ὥς
1492 574 1550 631 μὴ
1579 570 1739 632 ὤφελε,

297 638 467 692 φροῦδα
494 638 683 692 γεγένητο
712 635 845 679 πάντα
867 639 939 678 καί
967 640 1101 686 κακῶς
1131 638 1422 681 οἷνεσκεύαστο.
1480 636 1514 682 a‘z*
1543 643 1629 690 πῶς
1656 659 1740 695 μα-

294 701 479 757 γνήτιδος
509 704 662 758 τρόπον
683 706 740 752 εἰς
761 701 913 757 ἑαυτὴν
939 700 1125 753 ἅπαντας
1144 701 1287 756 εἷλκεν,
1316 705 1554 760 ἀποστῆναί
1571 722 1614 749 τε
1641 707 1739 750 τού-

294 784 388 818 τους
420 770 511 810 οὕδ’
540 769 774 811 ὁπωστιοῦν
803 770 1064 823 συνεχώρει]
1119 768 1301 828 τοσούτῳ
1331 773 1402 813 καί
1426 770 1505 828 γαρ
1533 779 1737 828 κατεῖχεν,

295 832 356 883 οἷς
385 831 540 884 αὐτούς
582 833 848 889 πανταχόθεν
880 831 1212 891 ἀφικνουμένους
1241 839 1475 891 ἐδεξιοῦτο,
1507 839 1673 891 δεσμοῖς
1701 844 1736 881 τ’
1756 857 1803 883 ιο

294 901 460 949 ἀλύτοις
490 902 635 956 φιλίας
660 903 842 955 συνέδει,
873 900 928 950 ὥς
957 902 1051 943 α’ντί
1078 902 1150 955 τῆς
1177 903 1445 958 ἐνεγκαμένης
1474 902 1606 959 αὐτὴν
1634 906 1738 947 πάν-

293 983 367 1015 τας
397 966 638 1020 αἷρεῖσθαι,
677 971 750 1009 καί
788 969 885 1022 μηδ’
924 966 1128 1009 ἐπανόδου
1157 971 1398 1022 μεμνῆσθαι
1425 971 1584 1025 μηκέτι.
1641 973 1738 1027 φεῦ.

293 1033 381 1074 ἀλλ’
412 1030 490 1088 ἤδη
518 1032 574 1088 μη
609 1033 703 1082 τούς
732 1036 774 1085 ἐξ
794 1035 1030 1087 ἀλλοδαπῆς
1057 1034 1198 1086 μόνον,
1228 1030 1288 1084 οἷς
1316 1035 1508 1090 ὑπῆρξεν,
1537 1035 1591 1085 ὥς
1619 1035 1739 1092 ἔφην,

292 1102 374 1140 τῶν
405 1101 533 1154 αὐτῆς
561 1101 889 1141 ἀπολελαυκέναι
908 1099 1105 1154 χαρίτων,
1136 1099 1241 1141 α’λλά
1264 1104 1336 1142 καί
1355 1098 1428 1150 οὕς
1452 1097 1602 1157 ἤνεγκε,
1633 1105 1739 1159 φεύ-

291 1181 377 1219 γειν
406 1162 480 1223 ὅλῃ
513 1168 796 1221 παρεσκεύακε
825 1169 1040 1223 προθυμίᾳ
1068 1169 1140 1207 καί
1171 1164 1392 1220 Χάρυβδιν
1420 1164 1559 1221 ὥσπερ
1589 1166 1737 1223 ἑτέραν
1756 1167 1803 1209 15

296 1233 526 1274 δεδοικέναι
566 1234 638 1273 καί
657 1235 836 1285 τρέμειν.
911 1228 945 1274 αἶ
972 1231 1127 1287 χρόνε,
1155 1229 1222 1274 οἷα
1251 1236 1401 1282 τίκτεις
1433 1233 1641 1290 ἐξαίφνης,
1669 1234 1740 1276 καὶ

290 1297 530 1351 μεταβολὰς
559 1300 649 1348 οἵας
677 1298 936 1356 ἑναπεργᾰζῃ
970 1306 1055 1347 τοῖς
1089 1299 1321 1353 πράγμασι.
1378 1302 1514 1348 καλῶς
1544 1316 1605 1352 σε,
1635 1299 1740 1354 πρὸς

291 1364 340 1405 τὸ
369 1364 646 1417 παλίντροπον
686 1361 927 1416 ἀπιδόντες,
956 1363 1106 1419 τροχόν
1134 1364 1180 1406 τό
1210 1367 1291 1406 τῶν
1325 1368 1468 1420 σοφῶν
1497 1363 1739 1418 ω’νομάκασι

293 1433 433 1482 γένος·
492 1429 626 1472 πάντα
655 1430 735 1484 γὰρ
767 1426 852 1471 ἄνω
882 1433 953 1472 καί
994 1429 1105 1472 κάτω
1131 1434 1363 1485 μετατίθης
1391 1433 1464 1473 καί
1489 1433 1739 1487 περιφέρεις.

213 1490 329 1548 376αἶ
359 1494 478 1544 πόλις
522 1493 546 1550 ἧ
587 1499 684 1551 πρίν
721 1499 798 1550 μὲν
828 1495 966 1550 ὥσπερ
996 1499 1097 1545 ναῦς
1121 1499 1164 1547 ἐξ
1193 1497 1339 1550 ου’ρίας
1368 1499 1564 1550 πλέουσα,
1595 1496 1738 1540 ἔπειτα
1751 1508 1806 1538 20

296 1563 340 1603 δὲ
372 1564 607 1616 καταιγίδος
647 1564 780 1616 δεινῆς
817 1565 1057 1617 ἐγερθείσης
1094 1565 1228 1611 κακῶς
1265 1567 1528 1617 συντριβεῖσα
1573 1565 1646 1605 καί
1669 1562 1740 1606 τὸν

1696 1627 1713 1642 Ἃ

294 1629 611 1682 ἐναποκειζιιενον
647 1631 819 1671 πλοῦτον
858 1630 1130 1683 ἀποβαλοῦσα
1176 1628 1248 1671 καί
1275 1630 1530 1681 α’πολέσασα,
1559 1626 1651 1671 οὐδ’
1685 1646 1738 1674 αν

293 1832 453 1871 tempore
480 1826 583 1860 bonis
608 1827 705 1860 illius
734 1828 868 1872 perfrui
895 1839 1099 1862 concessum
1125 1834 1190 1870 est,
1214 1828 1307 1862 nihil
1332 1829 1376 1863 de
1401 1841 1441 1863 ea
1465 1829 1567 1863 aliud
1586 1830 1739 1864 occurrit
1795 1829 1798 1831 ’

294 1886 401 1919 quam
430 1885 520 1918 quae
547 1874 832 1918 desperationem
858 1875 975 1909 animo
1003 1876 1200 1909 conciliant
1236 1883 1273 1909 et
1302 1876 1418 1910 fontes
1444 1877 1666 1910 lacrimarum
1694 1888 1738 1910 ex

294 1921 409 1954 oculis
434 1926 661 1965 extorquent.
711 1932 866 1966 namque
896 1928 931 1955 et
955 1924 1024 1956 situ
1050 1929 1086 1956 et
1109 1923 1373 1968 pulchritudine
1393 1925 1533 1966 multas,
1557 1925 1737 1969 magnitu—

294 1968 378 2002 dine
408 1973 445 2000 et
469 1979 585 2000 rerum
599 1967 820 2001 abundantia
848 1971 960 2003 multo
979 1970 1099 2015 plures
1116 1972 1275 2003 civitates
1302 1972 1537 2015 exsuperavit.
1587 1977 1624 2004 et
1647 1981 1738 2016 quae

294 2016 393 2061 prius
423 2014 525 2047 bonis
547 2015 713 2048 omnibus
738 2015 922 2057 affluebat,
952 2023 1058 2062 atque
1093 2018 1136 2050 ab
1165 2017 1329 2051 omuibus
1367 2018 1560 2052 decantatis
1584 2018 1734 2058 divitiis,

293 2074 390 2095 nunc
424 2061 537 2108 (quod
562 2062 697 2095 utinam
723 2063 910 2096 avertisset
937 2063 1039 2109 deus)
1072 2065 1235 2097 omnibus
1261 2065 1331 2097 suis
1370 2065 1530 2109 partibus
1555 2066 1647 2098 iacet
1671 2064 1736 2098 de-

294 2115 434 2142 mortua
464 2114 501 2142 et
531 2109 685 2153 pessime
709 2115 933 2154 pertractata.
997 2122 1016 2143 o
1044 2112 1224 2155 quomodo
1249 2112 1323 2152 illa,
1352 2112 1502 2156 perinde
1527 2118 1634 2158 atque
1661 2123 1739 2144 ma-

296 2167 399 2201 gnes,
429 2167 552 2189 omnes
578 2155 623 2188 ad
648 2167 686 2188 se
712 2157 877 2189 trahebat
899 2157 1077 2202 avellique
1100 2158 1145 2190 ab
1169 2170 1204 2191 se
1229 2159 1330 2191 nullo
1349 2158 1456 2191 modo
1480 2158 1738 2204 permittebat?
1790 2162 1794 2178 ῑ

298 2204 348 2236 sic
376 2204 470 2235 enim
499 2215 559 2236 eos
584 2203 780 2244 detinebat,
805 2215 895 2248 quos
922 2216 1136 2249 quacunque
1165 2217 1183 2238 e
1210 2205 1352 2248 regione
1377 2205 1608 2239 advenientes
1634 2205 1738 2238 donis
1788 2215 1790 2220 ·

298 2250 518 2295 excipiebat,
553 2250 778 2295 vinculisque
819 2251 998 2284 amicitiae
1032 2251 1341 2285 indissolubilibus
1385 2252 1661 2296 constringebat,
1700 2256 1740 2285 ut
1793 2269 1796 2275 ·

297 2308 384 2342 prae
407 2308 448 2330 ea
476 2297 627 2341 patriam
654 2303 913 2342 postponerent.
944 2303 981 2331 et
1019 2299 1063 2333 de
1090 2299 1206 2332 reditu
1240 2310 1382 2343 prorsus
1406 2300 1611 2332 memoriam
1633 2299 1739 2332 amit-
1785 2334 1788 2339 ὁ

297 2349 428 2377 terent.
479 2343 561 2383 heu,
588 2343 670 2376 heu.
729 2350 967 2377 verumtamen
1006 2357 1101 2378 nunc
1138 2358 1211 2378 non
1239 2351 1378 2378 tantum
1413 2346 1591 2387 advenas,
1627 2357 1738 2392 quos,

299 2397 340 2423 ut
366 2390 453 2430 dixi,
481 2390 580 2423 illius
607 2391 795 2434 gratiarum
821 2392 1012 2436 participes
1037 2393 1115 2425 fieri
1139 2393 1300 2435 contigit,
1327 2392 1389 2426 sed
1414 2394 1520 2426 etiam
1548 2405 1637 2438 quos
1663 2393 1740 2437 ipsa

301 2438 442 2477 extulit,
469 2437 565 2470 omni
586 2437 703 2470 studio
729 2439 846 2481 fugam
881 2440 1036 2483 arripere
1061 2451 1207 2484 eamque
1227 2440 1339 2472 veluti
1365 2439 1567 2483 Charybdin
1593 2440 1741 2472 alteram

301 2484 569 2529 perhorrescere
587 2489 623 2517 et
640 2484 806 2518 detestari
826 2485 950 2529 coegit.
988 2496 1008 2517 o
1033 2491 1184 2530 tempus,
1211 2497 1384 2530 quaenam
1405 2493 1551 2531 repente
1577 2487 1743 2532 parturis,

303 2538 340 2564 et
367 2543 537 2576 quasnam
565 2531 668 2564 rebus
694 2531 961 2565 immutationes
990 2532 1146 2565 inducis!
1171 2534 1304 2577 optime
1332 2539 1378 2574 te,
1403 2534 1465 2578 qui
1498 2540 1590 2567 retro
1615 2533 1677 2566 abs
1706 2538 1742 2566 te

304 2579 424 2610 omnia
447 2579 605 2611 converti
639 2584 857 2622 conspexere
891 2579 1086 2623 sapientes,
1127 2586 1235 2612 rotam
1267 2586 1528 2624 nuncuparunt,
1553 2581 1670 2613 omnia
1695 2579 1745 2612 si'-
1780 2584 1782 2587 ⁴

306 2625 450 2669 quidem
477 2636 607 2669 susque
631 2624 749 2670 deque
773 2626 846 2669 agis
872 2625 1052 2670 ducisque.
1083 2638 1104 2659 ο
1126 2627 1209 2659 urbs
1236 2632 1340 2661 antea
1365 2633 1472 2660 vento
1495 2627 1653 2660 secundo
1678 2625 1745 2658 ad-
1782 2637 1784 2659 ῑ

306 2673 488 2715 navigans,
512 2671 739 2717 postmodum
766 2672 843 2705 dira
868 2678 1078 2718 tempestate
1111 2679 1232 2706 coorta
1266 2675 1420 2718 pessime
1448 2675 1744 2717 contrita‚-repo-

306 2719 383 2751 sitis
412 2718 451 2752 in
478 2724 513 2752 te
540 2718 675 2752 divitiis
701 2719 839 2753 amissis
864 2726 972 2765 atque
998 2719 1214 2765 deperditis!
1276 2732 1380 2754 nemo
1407 2720 1574 2766 equidem
1603 2726 1744 2754 tuorum
