1806 3190
319 155 335 187 1
349 133 421 188 36
716 145 942 185 Gssoncu
984 141 1305 182 mmmmm

308 247 508 301 Πάτρας,
537 243 820 298 εὑρισκόμενοι
852 243 911 290 εἰς
937 239 1009 295 τὴν
1038 241 1077 282 Γ
1075 239 1297 292 λαρὲντζαν
1324 236 1566 291 ἐγράψαμεν
1594 241 1746 280 πολλα-

307 330 370 362 κις
396 310 499 368 πρὸς
521 310 617 358 τούς
644 311 713 362 τῆς
741 305 945 360 Πάτρας,
972 307 1191 352 σταλέντος
1218 304 1306 344 ἐκεῖ
1332 304 1407 344 τοῦ
1435 303 1651 345 Πεὸιάτου
1670 334 1683 355 ,
1714 301 1744 345 ἃ

306 379 533 430 συνέτυχον
581 377 669 415 ἐκεῖ
703 373 886 426 λέγοντες
913 369 1055 420 αὐτοῖς
1091 369 1162 411 καί
1188 367 1286 423 περὶ
1302 362 1370 410 ’ὧν
1397 366 1547 418 ἔταξαν
1574 370 1633 424 τῷ
1655 372 1745 411 Πε-

307 443 440 499 διάτῃ.
498 439 535 481 οἱ
565 441 611 480 δὲ
649 438 918 491 ἀντέγραψαν
955 434 1062 491 πρὸς
1099 435 1207 489 ἡμᾶς
1236 432 1446 482 πολλάκις.
1501 432 1608 487 πλὴν
1633 434 1745 488 ἐκρί-

307 523 419 550 νοντο
463 508 560 559 παρ’
600 501 716 557 ἡμῶν
754 502 968 552 α’δὺνατα,
1012 500 1070 549 ὥς
1110 502 1181 541 καί
1210 499 1232 539 ὅ
1265 497 1409 552 καιρὸς
1439 496 1582 550 ἔδειξε.
1634 499 1789 554 τέλος-5

307 573 535 626 ἐστήσαμεν
575 569 643 611 ἵνα
685 567 754 610 διά
801 567 948 615 νυκτὸς
985 569 1231 620 βαδίσαντες
1272 564 1512 617 εὖρεθῶμεν
1540 565 1601 613 εἰς
1624 561 1747 606 τόπον

306 640 476 692 πλησίον
515 637 595 676 τῶν
641 634 769 688 ὁρίων
811 635 894 675 τῶν
922 633 1157 686 Πατρηνῶν
1185 631 1460 683 α’μπελώνων,
1493 627 1759 680 καλούμενοιθ

305 706 362 750 εἰς
391 702 464 750 τάς
490 707 599 755 τρεῖς
629 701 863 754 ἐκκλησίας,
896 693 1208 740 αἲπαλαιόθεν
1238 692 1361 750 ἦσαν·
1429 696 1560 736 ἐκεῖσε
1603 694 1651 736 δὲ
1677 694 1748 735 εὖ·

305 769 464 823 ρεθῶσι
493 766 563 807 καί
596 764 634 806 οἱ
663 761 903 820 ἄνθρωποι,
944 764 1014 804 καί
1043 761 1259 815 δηλώσωσι
1292 758 1571 808 πλατύναντες
1595 757 1647 801 τὰ
1675 757 1746 801 διὰ

304 835 498 888 γραφῆς,
542 833 614 873 καί
653 833 692 872 εἰ
725 833 802 882 μὲν
845 826 952 884 ἦσαν
991 826 1176 879 δυνατά,
1217 829 1496 881 ἑνεργηθιόσι,
1532 827 1573 867 εἰ
1608 827 1645 867 δ’
1674 820 1796 876 affin

307 899 556 950 α’πέλθωμεν
589 899 780 953 φανεραῖς
810 898 1052 936 α’ποκλεϊσαι
1085 893 1129 935 τὸ
1158 895 1350 946 κάστρον,
1381 892 1452 932 καί
1475 891 1530 941 ὥς
1559 893 1667 948 φέρῃ
1698 889 1746 933 τὸ

308 968 447 1020 φέρον.
502 964 574 1003 καί
601 963 692 1004 ι’ὅου
726 961 970 1015 ἐγράψαμεν
999 958 1296 1012 προστάγματα
1325 957 1428 1011 πρὸς
1470 955 1626 1006 πάντας
1651 955 1749 1004 τούς

307 1032 352 1071 ἐν
379 1032 428 1085 τῇ
447 1030 624 1083 περιοχῇ
651 1029 723 1080 τῆς
746 1023 922 1079 Ἰθώμης
951 1025 1023 1066 καί
1045 1022 1299 1077 Ἀνδρούσης
1316 1026 1359 1064 ἐν
1379 1024 1436 1079 τῷ
1464 1021 1750 1078 Μεσσηνιακῷ

307 1094 442 1151 κόλπῳ
476 1096 547 1134 καί
571 1094 650 1134 ταῖν
683 1090 765 1133 ἔσω
795 1091 866 1131 καί
886 1089 963 1142 ἔξω
995 1091 1143 1143 ζυγῶν,
1177 1089 1242 1129 ἵνα
1273 1091 1322 1145 τῇ
1349 1087 1491 1144 πρώτῃ
1520 1090 1592 1128 τοῦ
1617 1089 1749 1140 Map-

306 1160 401 1201 τιόυ
434 1158 562 1212 μηνὸς
598 1159 672 1199 τοῦ
711 1157 844 1197 αὐτοῦ
887 1155 1006 1204 ἔτους
1046 1154 1201 1196 ἔλθωσι
1247 1152 1354 1205 μετὰ
1399 1150 1537 1194 ὅπλων
1560 1154 1646 1206 ,καί
1668 1154 1749 1195 τῶν
1766 1151 1806 1216 1έῇ

307 1223 507 1264 πλειόνων
540 1220 772 1276 ἀνθρώπων
801 1222 875 1276 τῆς
908 1221 1041 1275 ἀρχῆς
1070 1218 1160 1267 ἑνὸς
1190 1217 1364 1260 ἑκάστου
1394 1218 1550 1271 αὐτῶν,
1579 1217 1652 1260 καί
1677 1215 1748 1259 οῧ-

308 1305 389 1336 τως
417 1290 618 1336 τακτικῶς
649 1289 827 1328 διελθεῖν
855 1285 926 1328 τόν
953 1284 1079 1327 τόπον
1099 1287 1173 1327 τοῦ
1199 1287 1435 1340 πριγκίπου,
1464 1284 1538 1326 καί
1565 1286 1770 1338 δεχθῶσι,

308 1356 380 1395 καί
407 1352 756 1407 συναπαντήσωσι
799 1351 868 1394 τὸν
906 1352 996 1394 νέον
1038 1351 1245 1405 αὐθέντην
1282 1349 1572 1403 εἰσερχόμενον
1611 1352 1656 1392 ἐν
1693 1351 1752 1407 τῷ
1788 1376 1798 1410 ss

306 1421 593 1474 Μεσσηνιακῷ
623 1418 758 1474 κόλπῳ
786 1421 858 1459 καί
878 1420 1026 1471 ζυγοῖς.
1085 1414 1236 1467 ὁμοίως
1264 1415 1453 1471 ἐμηνύθη
1481 1418 1554 1456 καί
1578 1418 1637 1472 τῷ
1654 1420 1751 1458 Λα-

308 1484 454 1540 σκάρει
480 1485 648 1540 Ἀλεξήρ
683 1487 739 1540 τῷ
769 1485 812 1524 ἐκ
833 1484 1075 1537 Βοστίτζης.
1106 1481 1294 1530 ἐλθόντες
1325 1477 1398 1522 οὖν
1427 1480 1673 1536 ἑκινήθημεν
1699 1483 1806 1538 ου’ως

311 1549 380 1591 διά
410 1551 484 1604 τῆς
512 1547 613 1590 ὁδοῦ
641 1551 715 1603 τῆς
744 1547 847 1603 πρὸς
875 1548 948 1603 τήν
968 1543 1148 1600 ”Ασσον,
1197 1546 1300 1588 ἀλλὰ
1333 1545 1403 1588 aaa·
1429 1548 1502 1601 τῆς
1525 1547 1569 1596 ἐξ
1596 1545 1754 1589 εὐωνύ-

404 1678 441 1698 J·
466 1664 727 1712 εὑρισκόμενος
750 1667 774 1699 Ρ
908 1676 939 1698 2.
963 1661 1059 1711 πρὸς
1086 1662 1150 1703 οὓς
1176 1667 1374 1710 συνέτυχον
1395 1666 1445 1710 τῷ
1466 1664 1663 1712 Παδιάτῃ,
1690 1667 1754 1699 καὶ

408 1711 649 1758 ἀντέγραψαν
672 1712 709 1744 Μ
811 1725 842 1756 7.
866 1716 1038 1758 πατρέων
1067 1711 1242 1758 ἀμπέλων
1265 1714 1288 1744 P
1347 1740 1351 1745 ,
1411 1723 1458 1744 ιο.
1482 1709 1527 1754 ἦν
1552 1711 1712 1747 δυνατόν
1728 1714 1753 1746 Ρ

415 1770 465 1791 ιι.
488 1762 551 1793 καὶ
575 1758 851 1805 ιῖποκλείσωμεν
877 1760 901 1793 P
996 1769 1050 1792 αι.
1073 1762 1133 1802 τῆς
1155 1762 1241 1805 περὶ
1265 1756 1384 1804 (παρὰ
1398 1759 1428 1805 Ρ)
1454 1755 1520 1794 τὸν
1546 1753 1704 1805 ἀλφειόν
1726 1760 1750 1792 Ρ

315 1860 482 1897 Lascaris‚
508 1860 602 1892 inter
621 1871 784 1904 proceres
799 1860 899 1893 illius
923 1860 1047 1894 domus
1072 1861 1249 1905 princeps,
1277 1861 1319 1893 ad
1348 1859 1614 1904 gubernandam
1635 1861 1752 1894 Bosti-
1802 1874 1806 1884 ·

315 1912 405 1939 tzam
421 1907 563 1939 relictus
581 1912 634 1939 est
658 1907 781 1951 ibique
804 1908 983 1940 remansit.
1013 1908 1050 1939 in
1065 1908 1155 1940 viam
1171 1908 1276 1952 igitur
1296 1918 1333 1940 se
1349 1907 1462 1948 dedit,
1482 1913 1522 1940 ut
1535 1907 1751 1952 significavi,

315 1953 570 1986 Constantinus
594 1953 754 1997 despota,
780 1952 942 1986 dominus
967 1966 1079 1994 meus,
1106 1966 1241 1987 mecum
1262 1955 1338 1986 solo
1362 1955 1399 1987 in
1420 1965 1456 1986 re
1469 1954 1628 1987 Patrensi
1648 1954 1752 1986 adiu-

313 2004 392 2031 tore
408 2010 417 2041 3
437 2010 620 2044 quumque
635 2000 847 2032 Glarentzae
862 2011 1026 2041 essemus,
1040 2001 1186 2034 Pediate
1206 2002 1334 2034 nuntio
1351 2001 1414 2041 usi,
1429 2011 1534 2045 saepe
1551 2001 1752 2046 scripsimus

314 2045 358 2077 ad
374 2046 556 2078 Patrenses
582 2045 625 2079 de
653 2046 708 2087 iis,
738 2058 829 2091 quae
847 2058 924 2079 cum
946 2047 1092 2080 Pediate
1110 2054 1256 2092 egerant
1277 2048 1621 2092 constituet-amque,
1642 2053 1752 2092 atque

314 2092 370 2124 ini
401 2103 507 2137 saepe
537 2091 642 2125 nobis
683 2094 955 2138 rescripserunt:
998 2106 1089 2139 quae
1126 2101 1246 2128 tamen
1283 2094 1526 2127 iudicabamus
1565 2094 1643 2127 fieri
1679 2105 1754 2127 non

313 2149 444 2183 posse:
482 2135 521 2172 i‘d
558 2141 656 2184 quod
686 2145 824 2184 tempus
858 2140 1029 2185 probavit.
1054 2142 1197 2175 tandem
1237 2142 1507 2181 constituimus,
1542 2146 1582 2174 ut
1605 2146 1753 2174 noctur-

314 2196 362 2217 no
388 2185 517 2219 itinere
541 2186 579 2219 in
603 2186 720 2218 locum
739 2186 871 2219 finibus
896 2188 1112 2220 Patrensium
1144 2189 1344 2221 vinetorum
1378 2188 1531 2220 vicinum
1568 2199 1634 2220 nos
1668 2198 1755 2221 con-
1805 2223 1806 2226 Ἴ

315 2231 508 2272 ferremus,
532 2243 551 2264 a
575 2232 690 2265 trihus
716 2233 874 2265 ecclesiis
898 2240 1151 2279 nuncupatum,
1180 2246 1271 2280 quae
1297 2246 1339 2267 ex
1361 2235 1467 2278 longo
1483 2233 1568 2268 inde
1593 2239 1754 2279 tempore

315 2278 366 2310 ibi
390 2285 511 2312 erant:
534 2279 660 2312 eodem
685 2279 741 2311 ini
774 2291 810 2312 se
838 2281 1059 2321 conferrent,
1085 2288 1121 2314 et
1147 2293 1236 2326 quae
1262 2282 1498 2325 scripsissent,
1520 2281 1664 2326 plenius
1691 2291 1756 2314 co-
1803 2280 1806 2282 ’

315 2335 387 2356 ram
413 2331 656 2370 exponerent3
696 2331 802 2371 atque
827 2338 868 2359 ea
905 2327 933 2358 si
962 2327 1106 2372 quidem
1138 2334 1257 2361 essent
1291 2328 1484 2369 eiusmodi,
1510 2333 1550 2361 ut
1573 2327 1649 2360 fieri
1670 2338 1757 2372 pos-

315 2376 410 2411 sent,
438 2372 584 2405 fierent:
610 2373 665 2405 sin
684 2373 824 2414 minus,
858 2378 981 2417 aperte
1007 2374 1050 2406 ad
1077 2375 1202 2419 oppidi
1235 2374 1461 2408 obsidionem
1487 2374 1759 2419 aggrederemur

317 2423 353 2450 et
375 2419 662 2462 permitteremus
698 2430 768 2452 rem
801 2425 956 2452 nostram
989 2420 1162 2454 fortunae.
1203 2423 1287 2454 item
1327 2421 1371 2454 ad
1396 2432 1518 2454 omnes
1541 2422 1580 2454 in
1606 2421 1757 2454 circuitu

314 2463 471 2497 Ithomes
495 2471 531 2498 et
542 2465 736 2507 Andrusae,
762 2465 807 2498 ad
828 2467 943 2499 sinum
957 2467 1212 2500 Messeniacum
1236 2474 1272 2501 et
1298 2469 1390 2501 intra
1411 2468 1471 2500 vel
1487 2474 1585 2502 extra
1605 2473 1758 2510 tractum

315 2510 416 2543 illum
434 2511 647 2553 habitantes,
665 2513 878 2557 scripsimus,
894 2519 934 2546 ut
951 2514 1107 2547 calendis
1119 2516 1258 2548 Martiis
1272 2514 1431 2548 eiusdem
1447 2515 1534 2548 anni
1548 2526 1626 2548 cum
1641 2515 1761 2555 armis,

315 2567 492 2602 manuque
510 2559 658 2591 militari
681 2570 755 2592 non
779 2560 903 2604 exigua
925 2560 1072 2593 ditionis
1107 2573 1191 2594 suae
1233 2561 1388 2606 quilibet
1422 2560 1612 2603 adessent,
1641 2567 1679 2594 et
1705 2561 1756 2594 ita

317 2602 479 2637 instructi
521 2605 608 2638 fines
646 2606 816 2650 principis
855 2607 1067 2648 transirent,
1105 2614 1404 2653 occurrerentque
1445 2619 1538 2641 novo
1577 2608 1755 2652 principi,

317 2659 437 2682 versus
463 2652 576 2683 sinum
603 2652 861 2686 Messe-niueum
898 2658 935 2686 et
963 2653 1064 2686 illum
1108 2660 1256 2686 tractum
1298 2653 1519 2698 procedenti.
1565 2654 1660 2688 idem
1684 2654 1755 2686 Bo-

318 2695 453 2728 stitzam
482 2698 607 2730 Alexio
634 2699 771 2732 Lascari
799 2700 1001 2733 nuntiatum
1020 2707 1082 2734 est.
1132 2712 1195 2734 nos
1219 2702 1307 2735 viam
1331 2714 1405 2735 non
1424 2712 1512 2749 eam,
1539 2711 1632 2747 quae
1657 2706 1755 2735 trans
