1806 3190
518 182 618 221 Llss.
648 182 718 220 lv.
755 179 873 222 CAP.
913 180 1037 220 xxn.
1378 161 1491 228 425

66 278 200 321 κιακοί
223 276 338 333 παρὰ
367 281 444 320 τοῦ
469 280 655 334 νυμφίου
682 279 878 326 πλείστας
907 279 1148 333 φιλοτιμίας
1178 275 1392 331 ἐλάβομεν,
1426 279 1496 318 εὕ-

31 395 34 397 A
65 341 338 401 φραινόμενοι
366 346 410 386 ἐν
438 347 490 401 τῇ
519 346 650 400 χαρᾷ.
708 342 810 385 ἔνθα
833 345 1083 396 προσέμεινα
1107 340 1264 398 ἡμέρας
1291 342 1371 391 λς’·
1427 345 1500 384 καί

63 409 160 458 τούς
181 412 263 450 τῶν
304 412 546 466 κορυφαίων
584 410 828 452 ἀποστόλων
867 408 1197 460 ἐπισκεψάμενος
1232 410 1392 464 τάφους
1428 408 1500 450 καὶ

63 478 224 517 πολλῶν
261 471 399 517 ἄλλων
431 474 586 530 ἁγίων,
623 475 695 516 καί
717 473 951 529 ιἱστορήσας
985 473 1035 516 τὰ
1064 475 1107 516 ἐν
1136 476 1186 530 τῇ
1211 474 1369 529 μεγάλῃ
1398 490 1498 528 πρε-

28 540 247 599 Ξσβυτέρᾳ
268 541 420 598 Ῥώμῃ,
447 544 499 598 τῇ
528 542 575 590 ις’
602 542 775 584 Ἰουλίου
805 539 986 589 ἐξελθών
1021 542 1210 594 α’πῆλθον
1239 538 1307 582 δια
1329 542 1402 594 τῆς
1427 542 1500 581 ευ’-

63 608 184 655 θειάς
212 606 316 648 ὄδοῦ
354 609 413 656 εἰς
444 606 631 660 Ἀγκῶνα
649 638 660 658 ,
691 605 763 647 καί
787 605 937 659 μικρόν
963 622 1004 647 τι
1032 606 1283 660 προσμείνας
1315 604 1384 647 διὰ
1412 609 1497 646 θα-

23 667 34 673 ”
63 671 218 726 λάσσης
247 673 305 720 εἰς
327 672 507 714 Ἑνετιόιν
527 672 716 725 α’πῆλθον
748 674 797 727 τῇ
827 668 886 725 κη’
910 674 987 711 τοῦ
1005 671 1149 712 αὐτοῦ.
1205 670 1277 712 καί
1300 671 1499 726 προσμεί-
1521 671 1524 674 ’

64 753 139 786 νας
165 739 294 779 ἐκεῖσε
333 739 377 779 ἐν
418 740 472 793 τῷ
512 739 776 793 μοναστηρίῳ
813 738 887 778 τοῦ
916 738 1106 790 Σταυροῦ
1146 737 1304 790 ἡμέρας
1332 735 1388 784 »ις’
1420 735 1499 785 ἕως

62 806 135 858 τῆς
163 803 217 858 κγ’
248 799 522 857 Αὖγούστου,
566 799 662 844 ὅθεν
704 800 914 859 ὀψίᾳσύν
950 804 1037 860 θεῷ
1074 800 1304 853 ἐξελθόντες
1332 802 1498 843 ἀπεσώ-

25 907 28 910 .
65 871 198 923 θημεν
215 869 401 910 ἐνταῦθα
429 870 487 917 εἰς
513 868 586 923 τήν
610 871 846 924 Κέρκυραν,
862 869 911 924 τῇ
938 870 1100 925 πέμπτῃ
1128 871 1202 909 τοῦ
1214 869 1497 924 Σεπτεμβρίου

63 933 194 989 μηνὸς
221 935 294 976 τοῦ
323 935 446 994 ,ςῧοέ
482 933 617 985 ἔτους.

174 1002 292 1042 Καθ’
322 998 368 1041 ὃν
398 1002 445 1042 δὲ
474 1001 615 1055 καιρὸν
634 1000 752 1055 ἡμεῖς
777 1002 837 1049 εἷς
863 999 914 1041 τὰ
944 1002 1043 1054 περὶ
1071 997 1321 1054 τὴνῬώμην
1348 1001 1502 1053 διετρί-

63 1070 204 1119 βομεν,
237 1065 259 1106 ὅ
288 1069 371 1108 τῶν
397 1068 558 1119 α’σεβαῖν
586 1065 771 1120 ἐξάρχων
792 1067 957 1121 οἶμηρᾶς
976 1065 1111 1107 ἐλθών
1127 1064 1229 1107 κατὰ
1251 1067 1323 1120 τῆς
1350 1067 1501 1119 Ἀλβα-

63 1133 196 1179 νιτιάς
223 1133 295 1172 καί
334 1131 485 1182 διώξας
523 1131 596 1174 τὸν
635 1132 842 1186 αὐθέντην
879 1133 1007 1186 αὐτῆς
1043 1131 1115 1173 τὸν
1156 1134 1402 1186 Σκαντέρινο
1429 1133 1505 1173 καί

28 1198 381 1251 ὄαίχμαλωτίσας
407 1199 480 1239 καί
508 1200 718 1253 α’φανίσας
745 1197 815 1239 τὸν
834 1196 972 1250 τόπον,
1001 1199 1074 1238 καί
1097 1197 1236 1246 κτίσας
1263 1193 1367 1239 ἄστυ
1397 1201 1501 1252 πλη-

63 1262 154 1304 σίον
182 1264 255 1304 τοῦ
272 1266 500 1304 καθολικοῦ
517 1259 671 1312 ἄστεως
690 1262 832 1318 αὖτῆς,
851 1266 1025 1318 Κροιίας
1045 1264 1365 1316 ὀνομαζομένου,
1395 1263 1501 1316 πρὸς

63 1326 110 1370 τὸ
136 1324 448 1382 ἅντιμάχεσθαι
479 1331 606 1387 αὐτῷ,
637 1330 943 1383 ἕπανέστρεψεν
981 1331 1040 1377 εἰς
1066 1328 1114 1370 τὰ
1147 1331 1243 1381 περὶ
1272 1327 1345 1382 τήν
1377 1331 1502 1370 Κων-

63 1393 415 1436 σταντινούπολιν.
445 1396 519 1436 καί
546 1397 619 1436 τοῦ
649 1396 782 1436 αὐτοῦ
810 1393 936 1455 'geos'
968 1393 1085 1443 ἔτους
1119 1396 1175 1450 τῷ
1208 1397 1326 1447 θέρει
1370 1391 1391 1434 ὅ
1421 1396 1503 1436 Βί-

64 1475 173 1513 κτωρ
198 1463 423 1509 Καππὲλος
454 1459 474 1501 ὃ
507 1459 724 1508 καθολικὸς
749 1460 964 1515 ναυάρχης
994 1463 1071 1501 τοῦ
1098 1462 1182 1500 τῶν
1208 1459 1379 1501 Ἑνετῶν
1409 1458 1504 1502 στό-

29 1528 138 1566 ολου
169 1525 364 1567 ἀπελθών
395 1527 454 1574 εἰς
494 1528 621 1580 νῆσον
639 1522 810 1579 Ἴμβρον
838 1528 1070 1579 παρέλαβεν
1109 1523 1252 1579 αὐτήν,
1281 1527 1354 1566 καί
1381 1525 1505 1567 πάλιν

64 1590 262 1632 α’πελθιόν
297 1593 356 1640 εἰς
391 1591 576 1646 Ἀθήνας
606 1594 744 1633 πᾶσαν
781 1591 856 1646 τήν
893 1595 974 1633 τῶν
998 1592 1188 1645 Ἀθηνῶν
1217 1590 1335 1632 πόλιν
1363 1592 1505 1648 ιἦχμα-

63 1655 297 1698 λώτευσεν·
367 1654 456 1699 εἶτα
496 1655 634 1699 ἐλθών
673 1657 771 1711 περὶ
811 1658 883 1699 τὸν
912 1656 1162 1711 Αὐγούστου
1204 1658 1315 1711 μῆνα
1343 1659 1401 1707 εἰς
1429 1656 1504 1711 τὴν

64 1720 247 1764 παλαιὰν
282 1722 466 1778 Πάτραν
507 1725 635 1778 ἐπῆρε
674 1723 750 1778 τὴν
774 1724 932 1779 χώραν.
1000 1719 1298 1779 ἐπιδραμόντος
1330 1718 1404 1764 οὖν
1430 1723 1505 1764 τοῦ

161 1860 214 1904 14.
240 1863 447 1907 Σκεντέρην
471 1862 497 1896 Ρ
618 1874 669 1908 ¹9·
696 1863 850 1902 καπέλος
873 1862 899 1895 Ρ

64 1999 119 2028 cta
145 1999 211 2028 est.
260 2006 412 2040 sponsae
448 1996 634 2030 domestici
670 2009 689 2030 a
726 2008 857 2043 sponso
882 1996 1087 2030 muneribus
1121 1995 1346 2041 amplissimis
1381 1995 1504 2029 donati

65 2053 205 2082 sumus,
235 2043 364 2086 gaudio
392 2044 622 2078 exsultantes.
671 2045 786 2077 mansi
812 2046 940 2078 Romae
967 2043 1043 2077 dies
1062 2044 1126 2087 363
1153 2044 1295 2084 deinde,
1322 2043 1503 2087 apostolo-

65 2100 141 2122 rum
169 2089 367 2134 principum
408 2096 445 2123 et
476 2091 627 2124 aliorum
663 2092 856 2125 multorum
890 2097 1089 2125 sanctorum
1114 2091 1280 2135 spectatis
1308 2090 1501 2134 sepulcris,

64 2141 102 2169 et
127 2135 317 2180 exploratis
345 2136 472 2178 rebus,
498 2149 590 2182 quae
616 2139 652 2171 in
678 2149 802 2182 magna
829 2139 978 2172 ecclesia
1003 2137 1251 2171 memorabiles
1275 2142 1414 2177 essent,
1442 2136 1501 2169 die

70 2184 110 2216 16
136 2183 227 2215 Iunii
252 2183 396 2216 discessi
421 2190 468 2225 et,
494 2192 586 2218 recta
604 2187 783 2218 Anconam
800 2185 980 2230 profectus
1006 2184 1130 2229 ibique
1154 2183 1375 2228 aliquamdiu
1404 2194 1502 2216 com-

64 2235 242 2270 moratus,
265 2241 329 2274 per
364 2242 460 2264 mare
489 2231 655 2265 venetias
679 2232 761 2266 veni
786 2233 943 2266 eiusdem
978 2233 1109 2264 mensis
1133 2230 1189 2262 ‹lie
1223 2235 1279 2264 28.
1303 2230 1414 2263 mansi
1452 2230 1502 2263 ihi

65 2276 103 2308 in
127 2277 342 2310 monasterio
371 2278 491 2311 Crucis
526 2279 602 2311 dies
628 2280 692 2320 26,
728 2290 838 2324 usque
864 2279 908 2312 ad
936 2279 1083 2323 Augusti
1117 2278 1319 2310 vicesimum
1344 2277 1502 2317 tertium,

65 2332 107 2354 ac
135 2334 233 2364 sero,
258 2323 326 2356 deo
364 2324 530 2366 iuvante,
555 2325 640 2359 inde
670 2337 838 2371 egressus,
864 2327 1052 2369 Corcyram
1080 2324 1217 2357 delatus
1243 2335 1319 2357 sum
1338 2324 1501 2369 Septem-

67 2367 142 2402 bris
169 2369 228 2402 die
254 2373 285 2411 5,
311 2382 404 2403 anno
432 2373 536 2416 6975.

160 2416 242 2462 Quo
265 2423 382 2450 autem
414 2423 573 2464 tempore
610 2431 673 2452 nos
702 2421 830 2453 Romae
855 2418 1089 2458 morabamur,
1122 2417 1311 2461 impiorum
1336 2417 1502 2462 princeps

67 2467 105 2495 et
126 2474 282 2504 arueras,
321 2463 485 2498 adversus
523 2465 708 2499 Albanitas
737 2466 969 2512 expeditione
1005 2470 1179 2508 suscepta,
1216 2463 1340 2495 horum
1375 2463 1502 2497 ducem

69 2509 316 2543 Scanterinum
341 2511 440 2545 clade
466 2513 604 2553 afflixit,
636 2514 753 2546 omnia
780 2515 886 2559 cepit,
927 2524 966 2545 ac
996 2512 1156 2551 vastavit,
1185 2516 1238 2549 et,
1264 2510 1409 2544 condito
1435 2522 1502 2556 op-

64 2555 151 2600 pido
179 2568 288 2602 prope
315 2557 437 2591 urbem
461 2570 581 2592 eorum
617 2561 832 2606 principem,
860 2570 950 2605 quae
980 2558 1070 2591 Crua
1102 2558 1315 2602 appellatur,
1354 2557 1397 2590 ad
1423 2568 1504 2591 eum

65 2602 152 2636 inde
182 2604 442 2646 lacessendum,
469 2606 608 2650 cpolim
635 2618 793 2640 reversus
822 2612 887 2640 est.
949 2611 1084 2638 aestate
1118 2603 1277 2638 eiusdem
1303 2604 1386 2637 anni
1409 2605 1502 2649 6975

64 2649 189 2683 Victor
221 2651 419 2696 Cappelus,
455 2663 609 2686 summus
648 2655 769 2687 classis
801 2655 962 2687 Venetae
998 2652 1091 2693 dux,
1119 2651 1273 2684 Imbrum
1298 2652 1501 2696 profectus,

65 2707 142 2729 eam
186 2698 336 2730 insulam
370 2698 487 2743 cepit,
523 2711 731 2746 rursumque
766 2700 921 2734 Athenas
960 2698 1121 2735 delatus,
1159 2703 1267 2731 totam
1305 2698 1425 2732 urbem
1463 2699 1503 2731 in

64 2748 274 2787 potestatem
309 2744 468 2789 redegit3
506 2745 636 2781 deinde
665 2750 820 2793 Augusto
856 2757 975 2780 mense
1008 2751 1165 2781 veterem
1193 2746 1327 2779 Patram
1364 2755 1502 2791 aggres-
