1806 3190
516 174 618 214 Lm,
659 176 728 214 iv.
770 172 887 215 CAP.
915 173 1024 213 xxi.
1377 159 1412 224 4
1427 178 1491 231 ¹9

51 268 232 326 στήσειν,
261 270 354 312 τότε
395 272 537 313 θέλετε
563 273 668 313 ἰδεῖν
689 270 734 313 τὸ
776 270 1004 313 ’ὑπόλοιπον
1030 267 1159 312 πόσον
1189 266 1296 313 εἶναι
1322 273 1492 329 καίιιπό-

49 353 123 380 σον
150 337 351 388 ἀπομένει
379 335 461 378 α’πό
487 334 538 378 τὰ
572 336 644 397 ‘aa'
673 339 852 392 φλωρία.
929 337 1002 378 καί
1029 336 1118 379 τότε
1147 334 1172 391 ἦ
1202 338 1386 392 εὐγένειά
1414 356 1492 388 σας

50 399 140 444 ὅλοι
168 403 336 454 α’ντάμα
379 403 523 444 θέλετε
564 402 915 457 ἀποκαταστήσειν
953 404 1015 451 τίς
1049 401 1100 445 νά
1128 403 1326 460 ἀπομεινῃ
1352 405 1425 445 καί
1451 403 1503 461 τίι

51 466 104 511 vei
136 466 211 524 ἔχῃ
242 467 263 509 ὁ
290 470 434 517 καθείς
463 468 570 522 μετὰ
610 469 763 523 βουλῆς
802 467 1023 524 ἡμετέρας.
1087 470 1214 521 ἐμένα
1243 465 1319 512 οὖν
1347 470 1492 526 φαίνε-

15 530 126 585 (wal
152 549 254 586 μου,
284 531 343 575 ὅτι
373 531 469 576 ὅσον
500 530 607 575 εἶναι
634 534 819 581 πλείονες
845 535 917 575 καί
943 533 1231 590 ἐλαφριότεροι
1258 536 1363 577 ὀποῦ
1390 538 1492 589 μέλ-

48 603 150 642 λουν
176 598 228 640 νοὶ
259 602 468 655 α’ρκεθοῦν
496 601 550 653 μὲ
577 599 714 653 ὀλίγον
743 599 765 639 ὁ
785 602 946 652 καθείς,
974 596 1083 642 εἶναι
1109 603 1155 643 δὲ
1185 598 1320 652 ἄλλως
1339 602 1493 658 χρήσι-

47 680 140 718 μοι,
168 663 292 707 τόσον
317 667 434 706 θέλει
455 660 598 707 εἶσθαι
623 662 804 717 κάλλιον,
834 664 938 707 διότι
954 668 1150 708 θέλουσιν
1168 665 1282 721 ἔχειν
1310 667 1362 709 τὰ
1395 684 1493 709 παι-

51 729 122 772 δία
147 733 316 771 πλείονα
345 733 602 786 συντροφίαν
639 732 712 771 καί
750 731 919 772 πλείονα
950 730 1203 787 δουλοσύνην
1228 734 1301 775 καί
1325 736 1496 775 πλείονα

49 793 186 850 τιμήν.
241 793 355 848 ὅμως
379 798 498 838 τοῦτο
523 798 698 848 θέλομεν
718 794 764 836 τὸ
796 798 1040 848 σκέψασθαι
1069 793 1246 850 ἇντοίμα,
1275 797 1348 840 καί
1372 801 1496 840 θέλο-

49 877 127 915 μεν
154 859 342 915 ποιήσειν
369 860 416 903 τὸ
455 859 636 903 κάλλιον.
692 860 716 916 ἢ
745 861 932 915 εὐγένειά
959 877 1036 903 σου
1066 859 1174 904 εἶναι
1203 862 1308 905 κατὰ
1338 863 1381 905 τὸ
1413 880 1497 905 πα·

51 927 124 982 ρὸν
165 925 304 981 ὥσπερ
348 927 556 982 διοικητής
596 929 676 969 τῶν
714 929 894 968 παιδίων
936 927 1038 980 μετὰ
1078 932 1156 969 τοῦ
1183 931 1493 984 Κριτοπούλου.

50 989 160 1035 εἶναι
187 996 289 1047 γοῦν
329 993 487 1048 ἀνάγκη
515 991 594 1046 πρὸ
627 994 791 1035 πάντων
830 991 884 1035 νιὶ
909 993 1148 1048 φροντίζετε
1175 993 1250 1049 τήν
1278 994 1498 1036 παίδευσίν

50 1076 135 1101 των
161 1061 236 1101 καί
265 1059 314 1101 τὰ
346 1054 431 1114 ἤθη
458 1076 564 1111 των,
593 1057 644 1100 νά
672 1061 812 1112 γίνουν
852 1057 961 1100 καλοὶ
991 1060 1064 1100 καί
1088 1061 1415 1113 πεπαιδευμένα,
1446 1057 1499 1101 ἂν

51 1126 198 1167 θέλετε
226 1124 276 1167 νὰ
311 1123 436 1179 ἔχουν
464 1124 592 1179 τιμήν
624 1122 723 1166 ὲδώ.
781 1126 820 1166 εἰ
843 1126 889 1164 δὲ
917 1122 992 1178 μή,
1020 1127 1172 1167 θέλουν
1200 1125 1250 1167 τοὶ
1281 1142 1499 1181 καταφρο-

17 1190 192 1245 5νήσειν
218 1192 291 1231 καί
319 1191 425 1232 αὐτὰ
457 1191 530 1231 καί
553 1191 651 1238 ἐσᾶς
682 1189 783 1243 ἑδώ,
823 1192 896 1231 καί
915 1186 1015 1231 οὐδὲ
1045 1197 1248 1246 στραφεῖν
1270 1194 1422 1233 θὲλουν
1445 1208 1497 1234 να

51 1255 130 1305 σας
155 1257 288 1298 ἰδοῦν.
345 1258 399 1309 μὲ
431 1255 501 1298 τὸν
529 1259 762 1310 μακαρίτην
795 1255 866 1297 τὸν
893 1256 1100 1311 αὐθέντην
1126 1257 1195 1298 τὸν
1221 1261 1383 1311 πατέρα
1403 1272 1500 1306 τους

51 1321 344 1375 ἑσυντύχαμεν
377 1320 478 1377 περὶ
517 1321 692 1363 τούτου·
718 1317 722 1321 ’
761 1323 833 1363 καί
859 1323 1010 1371 ἐκεῖνος
1039 1323 1235 1376 ἐβούλετο
1268 1321 1320 1364 νὰ
1351 1322 1403 1364 τὰ
1432 1326 1539 1367 ἐν-Β

53 1385 162 1445 δύσῃ
190 1389 264 1428 καί
301 1387 351 1429 νοὶ
391 1386 544 1443 ποιήσῃ
572 1387 624 1428 νὰ
656 1389 752 1438 ζοῦν
784 1388 1000 1442 Φράγγικα
1045 1390 1265 1440 παντελῶς,
1295 1383 1423 1442 ἤγουν
1450 1388 1501 1431 νὰ

52 1448 335 1503 ἀκολουθοῦσι
377 1452 453 1507 την
493 1454 711 1508 ἐκκλησίαν
750 1453 855 1495 κατὰ
896 1453 1033 1495 πάντα
1079 1452 1196 1495 ὦσαν
1225 1458 1403 1496 Λατῖνοι
1431 1457 1505 1496 καί

53 1520 154 1572 ου’χί
180 1519 363 1571 α’λλέως,
391 1517 443 1560 νοὶ
473 1517 733 1560 ἐνδύνωνται
763 1520 1026 1571 Λατινικῶς,
1054 1518 1104 1561 νά
1130 1519 1320 1571 μάθουν,
1348 1519 1399 1560 να
1429 1535 1500 1573 γο-

50 1586 245 1635 νατίζουν
283 1584 382 1634 τούς
412 1581 693 1639 ὑπερέχοντας
737 1586 809 1625 καί
834 1584 976 1626 πάπαν
1013 1584 1086 1626 καί
1111 1586 1406 1640 καρδιναλιόυς
1428 1585 1504 1627 καί

151 1735 180 1757 ι.
209 1722 306 1766 ῑὸἧτε
329 1724 354 1757 Ρ
502 1734 535 1756 2.
561 1721 695 1760 ἑκατὸν
717 1724 995 1770 τεσσαράκοντα
1019 1722 1058 1762 ’ἐξ
1082 1723 1106 1756 P
1245 1723 1276 1755 3.
1303 1722 1454 1769 ἐνθάμα
1481 1724 1498 1756 Ι

143 1771 263 1806 θέλετε
287 1770 574 1818 ἀποκαταστήσῃ
601 1770 679 1806 ὅλοι
703 1769 781 1806 ἀντ.
805 1774 859 1809 τίς
882 1765 927 1806 voi
957 1768 1123 1816 ἅπομένῃ
1149 1769 1172 1801 Ρ
1329 1772 1361 1814 4.
1388 1770 1452 1816 ἐμὲ
1474 1771 1498 1803 Ρ

143 1820 175 1852 5.
203 1829 251 1864 με
277 1818 299 1850 Ρ
393 1820 456 1851 καὶ
479 1829 536 1850 om
566 1819 590 1851 P
709 1829 740 1861 7.
767 1819 827 1864 ἔχῃ
855 1817 879 1850 Ρ
980 1829 1032 1851 io.
1060 1814 1196 1858 ποιήση
1220 1815 1245 1848 Ρ
1341 1817 1442 1850 elom
1471 1818 1496 1849 P

148 1875 198 1897 ii.
227 1863 477 1909 κρητοπούλου
507 1865 531 1898 Ρ
678 1864 728 1896 13.
752 1868 888 1909 γένουν
913 1864 937 1897 Ρ
1099 1866 1148 1908 ι4.
1174 1864 1444 1910 καταφρονήσῃ
1473 1863 1496 1894 Ρ

147 1911 199 1945 ι5.
229 1912 377 1957 σιραφῇ
404 1911 428 1943 Ρ
565 1911 616 1945 16.
642 1917 718 1949 τοῖς
743 1912 758 1943 Ι
893 1921 944 1955 ¹7·
971 1905 1018 1946 νά
1042 1904 1084 1944 τὸ
1105 1922 1145 1945 π.
1170 1909 1196 1942 P
1322 1921 1376 1944 20.
1401 1909 1495 1957 suot]

141 1957 378 2004 πορεύωνται
406 1958 430 1990 P
548 1967 605 1990 αι.
629 1957 875 2004 καρδιναλέας
906 1958 921 1989 1

50 2090 156 2120 canto
184 2097 326 2128 curare,
352 2092 392 2121 ut
423 2087 472 2120 ita
498 2086 570 2121 fiat.
626 2093 813 2132 praeterea
835 2087 918 2121 volo
959 2092 997 2120 et
1019 2085 1092 2119 inis
1122 2084 1352 2125 commendo,
1380 2090 1418 2118 ut
1443 2087 1496 2118 vi-

50 2133 172 2172 deant,
197 2139 371 2180 quantum
396 2134 620 2180 relinquatur
640 2135 686 2167 de
711 2134 855 2168 florenis
873 2133 972 2167 mille
998 2139 1035 2168 et
1058 2133 1232 2166 ducentis.
1283 2131 1350 2164 hoc
1374 2138 1493 2165 autem

51 2185 112 2221 tu,
138 2181 192 2214 vir
216 2181 463 2222 nobilissime,
501 2192 570 2214 una
609 2181 795 2215 nobiscum
819 2181 998 2221 delibera,
1032 2181 1113 2226 quis
1151 2178 1362 2212 retinendus
1386 2179 1433 2211 sit
1456 2186 1494 2212 et

49 2226 138 2272 quid
160 2228 293 2273 cuique
321 2229 478 2261 muneris
500 2227 745 2261 tribuendum.
772 2239 814 2261 ac
839 2228 926 2261 mihi
955 2227 1100 2273 quidem
1124 2226 1284 2266 videtur,
1307 2237 1380 2305 ιὲιιιο
1408 2226 1492 2270 plu-

50 2285 105 2307 res
130 2274 202 2307 sint
232 2279 268 2307 et
291 2280 441 2321 propter
475 2276 634 2308 minutos
669 2275 809 2308 labores
832 2275 963 2308 minori
997 2273 1158 2307 contenti
1191 2273 1309 2317 stipen
1338 2273 1396 2312 io,
1421 2271 1492 2305 hoc

48 2321 210 2365 pulcrius
248 2321 350 2362 sore,
387 2323 559 2368 quoniam
594 2322 698 2367 pueri
737 2322 818 2367 plus
859 2321 1046 2355 habebunt
1084 2320 1273 2359 comitum,
1308 2319 1491 2352 ministro--

49 2378 125 2400 rum
151 2373 188 2401 et
211 2367 370 2402 honoris.
417 2368 481 2402 sed
501 2368 570 2403 hoc
586 2379 655 2401 una
673 2367 951 2402 deliberabimus
977 2373 1014 2401 et
1035 2379 1139 2412 quam
1158 2366 1236 2399 fieri
1259 2371 1380 2410 potest
1403 2367 1488 2411 pul-

47 2414 196 2448 cei-rime
221 2415 458 2449 instituemus.
483 2416 626 2449 interim
654 2421 693 2449 tu
719 2427 814 2449 nunc
840 2415 987 2461 quidem
1011 2425 1091 2447 curu
1106 2413 1294 2457 Critopulo
1321 2423 1374 2445 res
1398 2423 1489 2457 pue-

49 2471 166 2494 rorum
191 2461 411 2495 administra.
460 2463 582 2508 itaque
610 2473 752 2496 necesse
778 2468 833 2496 est
858 2468 940 2496 ante
966 2462 1104 2500 omnia,
1132 2470 1253 2493 eorum
1282 2458 1487 2493 educationi

49 2512 88 2541 et
117 2507 275 2542 moribus
310 2509 555 2553 prospiciatis,
591 2515 632 2542 ut
667 2509 793 2542 urbani
829 2515 866 2543 et
894 2508 1026 2542 eruditi
1063 2507 1172 2547 fiant,
1196 2508 1226 2539 si
1261 2516 1322 2539 eos
1357 2506 1416 2540 hic
1450 2506 1487 2539 in

49 2554 171 2600 aliquo
197 2554 334 2590 honore
359 2567 436 2589 esse
458 2557 579 2590 vultis.
628 2556 726 2602 quod
750 2557 818 2589 nisi
842 2558 915 2596 fiat,
942 2561 979 2589 et
1004 2555 1074 2600 ipsi
1099 2560 1135 2587 et
1162 2553 1313 2586 iuvenes
1337 2552 1396 2585 hic
1420 2563 1488 2586 ne-

49 2601 251 2645 giigemini,
280 2613 348 2636 nec
369 2603 444 2636 ulla
470 2604 578 2637 vestri
613 2604 827 2636 existimatio
861 2604 940 2636 erit.
1005 2601 1051 2634 de
1087 2611 1157 2646 qua
1191 2611 1227 2633 re
1254 2610 1333 2632 cum
1358 2600 1486 2634 beatae

48 2650 240 2682 memoriae
274 2649 448 2694 principe,
473 2650 614 2684 illorum
652 2656 752 2694 patre
769 2675 778 2690 ‚
804 2651 1004 2683 collocutus
1037 2659 1138 2687 sum,
1172 2647 1358 2691 voluitque
1383 2647 1423 2688 is,
1446 2652 1487 2680 ut

49 2696 195 2728 omnino
221 2707 335 2730 mores
364 2696 577 2730 Francorum
591 2698 816 2731 imitarentur
843 2703 879 2730 et
898 2696 1102 2735 induerent,
1127 2693 1162 2726 h.
1188 2705 1218 2726 e.
1249 2699 1288 2726 ut
1313 2693 1486 2729 ecclesiae

48 2740 263 2777 interessent
286 2744 393 2789 plane
422 2743 572 2786 eodem,
601 2755 673 2791 quo
710 2744 853 2780 Latini.
885 2742 1017 2783 modo,
1045 2747 1086 2775 ut
1111 2741 1238 2775 Latino
1274 2740 1485 2775 vestimento
