1806 3190
299 149 413 216 446
711 167 938 208 Gssoneu
978 167 1296 208 ΡΠΒΛΝΤΖΑΕ

438 266 617 309 πιστεύω
648 267 707 315 εἰς
735 265 810 315 τοὶς
845 267 1050 315 εἰκονικὰς
1095 265 1382 319 α’νατυπιόσεις
1419 265 1548 326 ἦγουν
1574 274 1633 323 εἰς
1661 275 1734 318 τόν

270 335 544 388 ’χαρακτῆρα
586 331 658 374 τὸν
699 333 743 374 ἐν
778 330 903 374 εἰκόνι
938 332 1214 387 περιγραπτὸν
1241 337 1316 376 τοῦ
1355 339 1503 391 κυρίου
1533 341 1607 381 καί
1632 342 1735 383 θεοῦ

296 401 369 440 καί
395 400 578 453 σωτῆρος
604 397 722 452 ἡμῶν
749 398 884 452 Ἰησοῦ
898 400 1092 454 Χριστοῦ
1121 400 1191 441 καὶ
1215 403 1288 455 τῆς
1307 400 1515 456 πανάγνου
1545 406 1617 447 καὶ
1643 409 1737 447 &eo-

294 463 414 507 τόκου
445 465 577 505 αυ’τοῦ
603 464 761 519 μητρὸς
789 462 863 505 καί
887 463 1052 506 πάντων
1078 467 1159 507 τῶν
1186 465 1326 521 ἁγίων,
1354 472 1566 522 σχετικῶς,
1593 472 1644 512 οὕ
1664 477 1737 514 λα-

292 530 513 583 τρευτικῶς
541 532 922 584 προσκυνουμένας,
955 531 1007 572 ου’
1030 533 1370 586 θεοποιουμένας,
1402 535 1672 587 ἀσπάζεσθαί
1693 540 1775 581 τεό
1805 582 1806 586 ,

292 597 366 637 καί
393 597 516 648 τιμᾶν
540 594 614 650 τὴν
643 596 861 651 ἐκκλησίαν
888 599 963 638 τοῦ
989 599 1105 651 θεοῦ,
1135 599 1188 638 ου’
1217 600 1269 655 τῇ
1294 595 1373 655 ὕλῃ
1401 598 1445 642 τὸ
1476 604 1604 654 σέβας
1633 603 1738 646 ἀλλὰ

293 662 352 719 τῷ
379 659 634 718 πρωτοτύπῳ
664 662 984 715 α’πονέμουσαν·
1043 663 1068 718 ἦ
1095 663 1172 718 γὰρ
1195 663 1293 718 τιμὴ
1322 667 1392 719 τῆς
1421 663 1573 716 εἰκόνος
1601 669 1662 717 εἰς
1689 667 1736 711 τὸ

295 726 567 782 πρωτότυπον
596 729 804 780 διαβαίνει
832 728 935 771 κατὰ
957 728 1029 772 τὸν
1045 731 1177 784 μέγαν
1191 732 1416 774 Βασίλειον
1441 729 1498 782 ὥς
1519 733 1741 783 α’ντίτυπος

296 789 402 836 οὖσα
431 795 512 835 τῶν
537 791 833 847 πρωτοτύπων.

434 861 616 901 πιστεύω
654 859 760 913 μήτε
803 859 1078 914 ἅνενὲργητον
1123 854 1227 901 εἶναι
1260 858 1335 916 τήν
1360 864 1484 904 θείαν
1513 863 1644 920 φύσιν
1669 863 1742 908 καί
1756 878 1803 908 ιο

295 928 511 980 ἐνεργειῶν
553 926 771 968 οὔσιωὸὤν
807 923 981 981 ἔρημον,
1020 925 1124 981 μήτε
1165 922 1292 968 αὕτόν
1333 923 1440 969 εἶναι
1478 928 1624 972 οὐσίαν
1666 933 1740 972 καί

294 994 505 1047 ἐνέργειαν
531 992 596 1033 ἐπ’
625 993 803 1047 ἐκείνης,
843 990 950 1045 μήτε
980 991 1148 1041 κτιστὰς
1189 988 1296 1034 εἶναι
1325 992 1484 1043 ταύτας
1512 995 1614 1037 κατὰ
1643 994 1742 1046 τούς

295 1054 486 1114 ἄφρονας
510 1055 726 1112 Βαρλαιὶμ
772 1058 841 1099 καί
866 1056 1125 1110 Ἀκινδυνον,
1157 1056 1260 1099 ἀλλὰ
1287 1058 1358 1100 καί
1386 1060 1592 1115 ἐνεργείας
1621 1061 1742 1110 θείας

295 1122 512 1172 ὀυ’σιώὸεις
539 1123 611 1164 καί
639 1120 782 1177 ἐτέρας
810 1119 915 1165 εἶναι
945 1124 1096 1172 ταύτας
1124 1125 1221 1179 παρ’
1249 1123 1383 1181 αὐτὴν
1401 1124 1474 1180 τὴν
1493 1126 1642 1169 ου’σίαν
1670 1129 1744 1169 καί

294 1190 514 1238 οἰκτίστους
542 1185 649 1231 εἶναι
677 1191 748 1230 καί
775 1191 997 1243 λεγομένας
1025 1187 1236 1244 θεότητας.
1757 1200 1806 1242 15

433 1255 622 1309 ὁμολογῶ
653 1258 833 1309 βεβαίως
864 1254 910 1296 τὸ
956 1258 1120 1307 πνεῦμα
1149 1254 1194 1298 τὸ
1226 1253 1344 1310 ἅγιον
1374 1258 1450 1298 οὐκ
1479 1259 1524 1300 ἐκ
1552 1259 1628 1300 τοῦ
1659 1276 1741 1301 πα-

294 1320 391 1375 τρὸς
419 1323 492 1362 καί
534 1323 579 1362 ἐκ
607 1322 686 1362 τοῦ
725 1319 823 1362 υἱοῦ
852 1321 1176 1376 ἐκπορεύεσθαι,
1205 1321 1259 1371 ὥς
1289 1322 1392 1364 κατὰ
1423 1322 1521 1372 τούς
1544 1323 1741 1379 Ἰταλούς,

296 1389 384 1429 ἀλλ’
418 1391 460 1437 ἐξ
508 1383 639 1440 αὐτῆς
675 1390 745 1441 τῆς
786 1385 1050 1436 ὑποστάσεως
1094 1390 1169 1429 τοῦ
1211 1386 1366 1443 πατρὸς
1402 1386 1569 1442 ἑνικῶς,
1599 1388 1739 1445 ὥσπερ

297 1455 443 1506 α’μέλει
471 1453 543 1494 καί
587 1452 716 1502 αὐτὸς
745 1452 766 1494 ὃ
794 1451 885 1503 υἱὸς
928 1455 972 1504 ἐξ
1001 1450 1133 1507 αὐτῆς
1163 1456 1236 1507 τῆς
1262 1452 1531 1504 ὑποστάσεως
1557 1458 1633 1498 τοῦ
1661 1474 1742 1498 πα-

298 1519 396 1574 τρὸς
426 1517 569 1569 ἑνικῶς
591 1522 799 1573 γεννᾶται,
821 1522 1060 1571 πέμπεσθαι
1082 1521 1127 1560 δὲ
1149 1518 1263 1573 παρὰ
1286 1523 1361 1561 τοῦ
1383 1520 1540 1574 πατρὸς
1570 1524 1641 1564 καί
1666 1524 1742 1564 τοῦ
1755 1539 1806 1567 20

243 1602 289 1636 99
302 1585 398 1628 υἱοῦ
440 1584 484 1628 τὸ
523 1588 706 1639 πνεῦμα,
751 1581 837 1628 οἷον
879 1583 983 1640 αὔτ’)
1027 1585 1052 1640 ἡ
1093 1584 1221 1641 χάρις
1258 1588 1330 1629 καί
1363 1583 1388 1640 ἦ
1433 1586 1570 1642 δωρεὰ
1611 1589 1742 1630 αὕτοῦ

300 1652 468 1695 δίδωσι.

409 1720 473 1761 23.
532 1719 625 1761 Καὶ
654 1714 783 1766 οὕτως
815 1718 870 1774 τῷ
909 1717 1164 1775 φθινοπώρῳ
1198 1719 1272 1758 τοῦ
1302 1715 1432 1775 ’ςῧοζ
1463 1716 1580 1767 ἔτους
1609 1718 1742 1775 α’πῆλ-

397 1820 423 1842 1.
450 1808 609 1844 πιστεύω
635 1802 701 1846 τὰς
726 1806 908 1844 εἰκονικάς
937 1807 1186 1845 διατυπώσεις
1211 1805 1325 1852 ἤγουν
1348 1807 1583 1854 χαρακτῆρας
1602 1808 1677 1844 τῶν
1700 1810 1741 1844 ἐν

392 1856 508 1892 εἰκόνι
533 1858 799 1902 περιγραπτῶν
827 1856 850 1887 Ρ
1001 1866 1050 1887 12.
1080 1857 1271 1900 ἐνέργειαν
1304 1866 1361 1887 om
1386 1856 1410 1888 P
1532 1866 1588 1888 21.
1617 1854 1744 1904 αὐτοῦ]

391 1924 518 1964 αὐτοῖς
543 1925 567 1958 Ρ
673 1924 729 1956 23.
757 1912 906 1970 Ιαυξθου
931 1923 956 1956 Ρ

393 1993 499 2028 credo
525 1994 562 2026 in
586 1993 758 2037 imagines
785 2003 965 2037 expressas
994 1992 1068 2025 sive
1087 1991 1324 2025 characterem
1349 1992 1500 2036 imagine
1525 1992 1743 2039 descriptum

300 2043 438 2076 domini
462 2047 499 2074 et
522 2040 580 2073 dei
605 2046 642 2073 et
668 2040 854 2073 salvatoris
885 2039 1000 2072 nostri
1025 2040 1103 2071 lesu
1133 2038 1263 2072 Christi
1288 2045 1324 2072 et
1347 2040 1590 2073 sanctissimae
1614 2040 1741 2087 deipa-

300 2101 371 2130 rae,
398 2090 520 2122 matris
544 2089 632 2128 eius,
661 2092 768 2132 atque
784 2092 984 2119 sanctorum
1009 2086 1179 2126 omnium,
1207 2086 1366 2128 relative,
1390 2098 1464 2120 non
1481 2087 1647 2131 religiose
1675 2088 1742 2121 ad-

301 2136 464 2176 orandas,
490 2146 558 2168 nec
580 2139 819 2173 consecratas,
857 2139 898 2166 ut
921 2133 1085 2167 colantur
1112 2138 1149 2165 et
1173 2132 1395 2166 honorentur
1421 2133 1465 2166 ab
1494 2135 1642 2168 ecclesia
1670 2135 1741 2176 dei,

300 2195 395 2230 quae
420 2193 494 2217 non
521 2181 721 2221 materiam,
757 2180 821 2213 sed
848 2191 1036 2224 personam
1064 2180 1296 2213 veneratione
1321 2181 1558 2226 prosequitur.
1607 2183 1739 2216 etenim

300 2232 419 2266 cultus
456 2229 599 2273 imagini
631 2227 787 2261 tributus
813 2226 857 2260 ad
893 2228 1006 2272 ipsam
1041 2238 1226 2272 personam
1250 2228 1399 2268 transit,
1443 2227 1639 2262 secundum
1661 2241 1742 2263 ma-

301 2290 407 2324 gnum
434 2277 615 2316 Basilium,
641 2275 775 2320 quippe
801 2275 914 2319 imago
943 2275 1055 2307 instar
1074 2279 1127 2307 est
1154 2273 1347 2319 archetypi.

391 2323 509 2365 credo,
531 2333 651 2368 neque
666 2321 878 2355 inefficacem
903 2333 979 2354 esse
995 2327 1157 2354 naturam
1177 2321 1329 2353 divinam
1350 2326 1387 2354 et
1410 2322 1651 2356 essentialium
1667 2323 1742 2356 essi-

301 2372 511 2406 cientiarum
538 2374 730 2414 expertem,
754 2380 871 2414 neque
896 2368 992 2401 idem
1010 2380 1087 2401 esse
1106 2369 1292 2401 essentiam
1320 2374 1357 2401 et
1375 2367 1597 2402 efficientiam
1621 2370 1659 2403 in
1688 2381 1741 2411 ea,

301 2431 370 2453 nee
385 2424 519 2452 creatas
547 2428 605 2450 eas
631 2427 720 2457 esse,
745 2415 936 2449 secundum
963 2415 1125 2448 homines
1148 2415 1277 2448 stultos
1288 2415 1506 2448 Barlaamum
1535 2422 1572 2450 et
1585 2416 1742 2460 Acindy-

302 2478 400 2507 num,
425 2465 488 2498 sed
516 2470 552 2498 et
588 2475 663 2497 esse
698 2463 902 2497 efficientias
932 2461 1068 2495 divinas
1093 2462 1299 2495 essentiales
1326 2467 1362 2495 et
1388 2463 1544 2496 diversas
1572 2474 1630 2496 eas
1663 2475 1742 2497 esse

303 2513 348 2546 ab
374 2514 453 2558 ipsa
478 2512 631 2545 essentia
655 2516 692 2544 et
717 2521 791 2543 non
815 2516 949 2543 creatas
974 2515 1010 2541 et
1034 2509 1239 2542 divinitates
1264 2509 1386 2542 dictas.

398 2559 504 2592 credo
534 2558 694 2599 firmiter,
719 2558 884 2603 spiritum
911 2562 1070 2589 sanctum
1101 2568 1174 2589 non
1199 2567 1218 2588 e
1242 2561 1344 2601 patre
1372 2561 1408 2589 et
1434 2556 1509 2590 filio
1534 2557 1741 2602 procedere,

304 2612 346 2639 ut
367 2607 450 2640 Itali
473 2606 615 2646 docent,
643 2604 707 2638 sed
732 2615 775 2637 ex
801 2605 876 2649 ipsa
894 2604 998 2636 unice
1018 2614 1168 2647 persona
1193 2604 1314 2648 patris,
1340 2604 1637 2648 quemadmodum
1664 2605 1742 2650 ipse

304 2654 402 2686 filius
430 2664 473 2686 ex
501 2653 577 2697 ipsa
604 2663 758 2698 persona
784 2652 894 2696 patris
923 2651 1025 2683 unice
1045 2655 1246 2693 generatur,
1269 2651 1363 2683 mitti
1391 2656 1506 2683 autem
1535 2663 1555 2683 a
1577 2658 1677 2697 patre
1705 2657 1742 2685 et

305 2700 380 2733 filio
409 2700 583 2744 spiritum,
606 2699 748 2744 qualem
773 2710 850 2743 lpsa
876 2699 950 2731 eius
977 2698 1088 2742 gratia
1116 2703 1152 2730 et
1177 2697 1381 2741 benignitas
1411 2696 1531 2730 donat.

399 2747 455 2779 23.
503 2748 556 2780 Ita
582 2752 753 2780 autumno
787 2746 870 2779 anni
892 2746 982 2789 6977
1010 2744 1153 2788 regina,
1181 2743 1323 2776 domina
1350 2743 1486 2778 Helena
1510 2744 1741 2789 Palaeologa,
