1806 3190
289 135 402 194 236
712 151 941 194 GEORGu
971 147 1293 193 PHRANTZAE

284 254 462 308 στρατοῦ
494 252 633 301 δαίσας
661 250 733 292 καί
759 249 833 304 τήν
859 249 956 292 ὁδὸν
981 252 1211 306 ἐρχομένην
1237 252 1282 294 ἒν
1313 252 1370 309 τῷ
1397 251 1614 311 Λεοντάρῃ
1641 270 1722 297 πα-

283 317 497 375 ρήγγειλεν
540 316 727 360 ὁδεύειν·
802 315 825 359 ὅ
866 318 913 359 δὲ
945 318 999 358 δι’
1029 311 1155 373 ἄλλης
1192 314 1294 360 ὁδοῦ
1323 313 1461 374 ᾤχετο.
1517 318 1723 372 μαθόντες

284 388 330 428 δὲ
361 387 480 428 τοῦτο
520 382 557 426 οἱ
596 382 796 424 δεσπόται
834 384 907 424 καί
933 382 1114 439 ἀδελφοὶ
1140 382 1368 433 στείλαντες
1398 383 1472 428 τόν
1495 388 1724 429 Marsua-ov

283 450 459 505 Ἀσάνην
495 447 603 498 μετὰ
642 450 820 504 στρατοῦ
851 450 1088 503 λαθραίως,
1117 452 1190 491 καί
1217 449 1353 492 ἐλθών
1380 452 1424 493 έν
1448 454 1506 507 τῷ
1532 449 1642 508 τόπῳ
1673 446 1725 494 οὗ

283 515 452 569 ἔμελλον
471 515 667 567 περᾶσαι,
702 517 776 556 καί
803 515 1026 571 αἰφνιδίως
1045 517 1104 565 εἰς
1131 516 1288 565 αὐτούς
1315 515 1595 571 συρράξαντες
1623 519 1761 560 noi-5

281 582 378 628 λοὺς
407 581 649 623 ἀπέκτειναν
678 580 750 622 καί
777 577 1093 637 ᾗχμαλεότισαν,
1125 583 1169 623 ἐν
1197 578 1257 630 οἷς
1289 578 1348 631 εἷς
1377 579 1427 638 ἦν
1453 585 1534 625 τῶν
1565 584 1723 636 αι’χμα·

282 646 423 689 λώτων
449 648 520 688 καί
545 646 566 688 ὃ
597 645 864 702 Ἀχουμάτης
894 646 915 688 ό
945 646 1195 702 Τουραχάνη
1228 647 1344 696 υἱός·
1402 647 1450 689 ὃν
1477 649 1724 692 ἀπέστειλαν

281 716 341 762 εἰς
369 713 564 767 Σπάρτην
592 712 697 767 πρός
725 711 797 755 τὸν
834 712 1034 767 δεσπότην
1077 712 1154 768 κύρ
1185 713 1440 768 Δημήτριον.
1495 716 1567 755 καί
1590 716 1643 770 τῇ
1671 713 1720 765 ιζ’

281 781 359 820 τοῦ
400 781 657 833 Ἰανουαριόυ
685 777 816 834 μηνός
846 779 924 820 τοῦ
961 775 1091 821 αὖτοῦ
1119 780 1238 828 ἔτους
1268 779 1465 835 ἐγεννήθη
1493 778 1566 821 καὶ
1590 779 1613 821 ὅ
1641 781 1724 823 τῶν

283 845 587 900 Παλαιολόγων
614 845 759 900 γένους
780 848 851 887 καί
875 847 947 900 τῆς
962 849 1179 898 βασιλείας
1211 847 1408 901 διάδοχος
1434 848 1506 889 καί
1533 848 1610 888 τοῦ
1641 849 1724 889 τῶν
1740 862 1787 897 10

213 919 256 953 53
275 911 494 965 Ῥωμαίων
535 913 689 968 μικροῦ
743 909 890 953 τούτου
929 914 1158 966 σπινθῆρος
1204 911 1480 966 κληρονόμος,
1517 913 1541 954 o‘
1581 912 1724 966 κύριος

280 979 478 1033 Ἀνδρέας
507 975 529 1019 ὅ
553 978 858 1032 Παλαιολόγος,
887 977 910 1019 ὅ
941 976 1033 1027 υὶὸς
1048 980 1123 1020 τοῦ
1147 976 1352 1020 δεσπότου
1378 976 1455 1034 κύρ
1488 980 1624 1032 Θωμᾶ
1649 980 1726 1020 τοῦ

280 1047 692 1101 πορφυρογεννήτου.

388 1114 482 1153 Καί
519 1114 653 1152 ταῦτα
694 1114 772 1164 μὲν
801 1108 853 1166 δὴ
883 1107 1014 1159 οὕτως
1056 1107 1168 1164 εἶχον
1196 1109 1250 1152 τὰ
1278 1112 1352 1165 τῆς
1381 1109 1723 1167 Πελοποννήσου.

279 1176 336 1226 ὥς
369 1178 416 1219 δὲ
443 1175 489 1218 τὸ
525 1175 599 1232 ἔαρ
630 1178 898 1231 ἐπέλαμψεν,
931 1175 951 1218 ὃ
983 1173 1171 1230 ἇμηρᾶς,
1205 1174 1250 1218 ὃν
1275 1173 1361 1231 εἶχε
1387 1179 1725 1230 κατασκευασμέ-
1744 1179 1785 1224 15

279 1258 350 1284 νον
382 1242 527 1285 στόλον
574 1241 846 1297 οἰκονομήσας
884 1241 959 1291 τὰς
994 1241 1201 1296 ἐλεβόλεις
1237 1242 1309 1284 καί
1347 1244 1630 1296 ἐλεβολιίτκους
1655 1244 1729 1286 καὶ

281 1307 428 1364 ἑτέρας
471 1308 689 1363 μηχανάς,
716 1307 767 1358 ἃς
795 1305 882 1363 εἶχε
921 1310 1332 1364 προητοιμασμένας,
1374 1305 1464 1351 εἶτα
1493 1307 1728 1363 ἔμπροσθεν

285 1379 448 1424 στείλας
487 1374 557 1417 τὸν
599 1374 780 1430 Χαρατὴ
823 1377 1014 1429 μπασιᾶν
1040 1372 1147 1428 μετὰ
1188 1373 1404 1430 φουσάτου
1428 1408 1440 1427 ,
1480 1378 1551 1417 καί
1592 1373 1730 1417 ἐλθών

286 1442 503 1484 ἀπέκλεισε
530 1440 606 1496 τὴν
634 1441 765 1483 πόλιν.
840 1443 912 1483 καί
934 1440 1014 1495 πρὸ
1045 1443 1120 1483 τοῦ
1148 1442 1286 1482 ἐλθεῖν
1323 1440 1394 1483 τὸν
1422 1441 1602 1496 οἷμηρᾶν,
1630 1440 1730 1490 τούς

255 1513 259 1515 ’
286 1506 442 1559 ἔξωθεν
478 1506 662 1562 πύργους
697 1510 766 1562 τῆς
795 1505 953 1556 πόλεως
982 1506 1081 1555 τούς
1119 1508 1164 1549 ἐν
1193 1507 1336 1561 ἀγροῖς
1363 1509 1436 1549 καί
1463 1505 1653 1560 κώμαις,
1685 1509 1729 1550 ἐν
1745 1517 1782 1547 2(

287 1569 348 1624 οἷς
376 1570 484 1629 ἦσαν
514 1589 621 1624 τινες
666 1570 884 1629 ἅνθρωποι
922 1576 1202 1627 συναχθέντες
1241 1572 1308 1614 διὰ
1350 1573 1393 1614 τό
1425 1572 1635 1629 αἰφνίδιον
1656 1576 1732 1615 τοῦ

287 1641 495 1696 στρατοῦ,
536 1638 850 1695 ἐξεπολιόρκησε
886 1639 958 1681 καί
997 1641 1161 1697 ἐπῇρεν.
1228 1641 1271 1689 ἐξ
1313 1638 1453 1681 αὐτῶν
1494 1641 1619 1693 μέρος
1654 1641 1731 1692 μὲν

382 1769 414 1809 ‘'⁸-
438 1769 626 1814 λαθραίως
649 1762 762 1810 ἦλθον
787 1769 812 1802 Ρ
934 1779 967 1813 7.
997 1766 1153 1813 ἄχιιέτης
1173 1769 1198 1801 Ρ
1311 1769 1360 1810 14.
1387 1769 1462 1813 ἔχει
1485 1768 1510 1800 Ρ
1611 1769 1662 1801 15.
1685 1767 1730 1801 ab

382 1815 431 1854 ὥς
454 1821 561 1860 caput
585 1817 606 1859 4
631 1816 762 1861 incipit
785 1815 810 1849 P
937 1816 988 1848 16.
1013 1815 1224 1860 τηλεβόλους
1246 1818 1308 1849 καὶ
1333 1816 1604 1860 τηλεβολίσκους
1623 1826 1683 1849 sec
1705 1815 1731 1848 Ρ

388 1874 438 1907 ¹7·
460 1866 644 1910 μηχανίας
667 1862 693 1895 Ρ
815 1863 864 1897 18.
891 1858 1035 1909 γαρατὴ
1062 1863 1209 1899 πασιᾶν
1234 1863 1258 1896 Ρ
1387 1862 1545 1909 στρατοῦ
1573 1863 1597 1895 Ρ

288 1973 444 2020 pulatur.
467 1973 665 2019 perspectis
691 1980 809 2007 autem
835 1975 987 2019 regionis
1006 1975 1180 2020 angustiis
1205 1979 1241 2008 et
1256 1979 1384 2007 natura
1407 1974 1516 2014 invia,
1541 1984 1606 2019 per
1627 1984 1732 2019 quam

288 2027 387 2055 totus
412 2021 520 2054 simul
563 2021 739 2054 exercitus
764 2022 915 2055 transire
939 2034 1012 2056 non
1047 2028 1181 2068 posset,
1204 2022 1355 2055 militum
1383 2026 1608 2053 strenuorum
1630 2026 1733 2065 parte

289 2068 479 2102 Achumati
508 2069 583 2101 filiu
610 2069 805 2109 commissa,
830 2071 885 2102 via
912 2080 1004 2110 eum,
1031 2081 1124 2115 quae
1148 2075 1246 2102 trans
1270 2069 1474 2101 Leontarim
1501 2068 1584 2108 fert,
1607 2078 1735 2113 proce-

292 2116 379 2149 dere
402 2116 518 2149 iussit.
547 2121 584 2148 at
609 2115 714 2148 aliam
738 2116 768 2148 is
788 2116 881 2150 viam
921 2118 1100 2162 ingressus
1127 2122 1192 2150 est.
1218 2127 1289 2161 quo
1325 2121 1529 2160 comperto,
1562 2114 1734 2160 despotae

292 2164 421 2197 fratres
444 2163 667 2196 Matthaeum
692 2164 842 2196 Asanem
870 2164 960 2197 clam
990 2176 1068 2197 cum
1103 2164 1259 2197 exercitu
1285 2163 1455 2204 mittunt3
1480 2162 1542 2207 qui
1565 2161 1628 2194 ubi
1652 2172 1736 2207 per-

292 2215 470 2246 venerunt
503 2210 543 2243 in
580 2210 716 2251 locum,
743 2221 850 2255 quem
877 2211 933 2244 illi
970 2212 1120 2245 transire
1151 2211 1306 2250 vellent,
1334 2209 1452 2243 subito
1479 2209 1518 2242 in
1537 2219 1598 2242 eos
1614 2209 1736 2242 incur-

293 2259 394 2291 sione
414 2257 519 2298 facla‚
543 2268 615 2290 non
631 2268 764 2302 paucos
788 2258 917 2302 partim
940 2259 1118 2300 occidunt,
1140 2258 1268 2303 partim
1288 2258 1450 2302 capiunt,
1474 2257 1512 2290 in
1536 2255 1591 2290 his
1618 2256 1735 2301 ipsum

292 2303 516 2338 Turachanis
544 2304 655 2338 filium
688 2303 931 2345 Achumatem,
967 2317 1073 2351 quem
1098 2306 1260 2350 Spartam
1286 2304 1332 2340 ad
1356 2305 1576 2338 Demetrium
1606 2302 1737 2348 despo-

292 2356 366 2386 tam
391 2352 550 2386 mittunt.
577 2351 713 2384 decimo
739 2353 890 2397 septimo
917 2351 976 2385 die
992 2353 1149 2386 Ianuarii
1173 2352 1258 2385 anni
1282 2351 1441 2384 eiusdem
1465 2356 1570 2384 natus
1599 2355 1654 2382 est
1668 2351 1734 2383 Pa-

293 2399 538 2443 laeologorum
564 2404 600 2432 et
628 2399 768 2443 imperii
792 2410 994 2445 parvaeque
1020 2400 1125 2433 huius
1154 2398 1332 2432 scintillae
1356 2398 1592 2431 Romanorum
1618 2396 1735 2437 heres,

292 2445 452 2480 Andreas
477 2445 734 2490 palaeologus,
757 2446 918 2479 Thomae
946 2446 1239 2491 porphyrogeniti
1271 2445 1442 2490 despotae
1467 2445 1572 2478 filius.

382 2493 432 2526 Ac
458 2504 512 2526 res
537 2493 861 2538 Peloponnesiacae
886 2493 1031 2538 quidem
1056 2494 1146 2527 tales
1184 2494 1338 2526 fuerunt.
1364 2503 1446 2525 vere
1469 2497 1588 2525 autem
1613 2491 1738 2535 ingru-

295 2544 391 2579 ente,
418 2551 552 2573 ameras
577 2551 657 2572 cum
693 2540 831 2582 classe,
856 2551 964 2585 quam
986 2542 1194 2574 instructam
1217 2539 1386 2580 habebat,
1410 2544 1600 2584 postquam
1626 2548 1738 2582 expe-

296 2584 387 2619 divit
411 2587 594 2632 helepoles
634 2593 671 2620 et
695 2587 934 2620 heieboliscos
966 2588 1146 2633 aliasque,
1182 2598 1270 2632 quas
1304 2591 1510 2632 paraverat,
1543 2584 1738 2624 machinas,

295 2632 471 2667 Charateh
513 2635 658 2678 pasiane
693 2646 772 2667 cum
811 2636 967 2668 exercitu
993 2636 1198 2679 praemissm
1240 2633 1387 2667 advenit
1414 2632 1610 2677 urbemque
1637 2631 1737 2664 obsi-

296 2678 405 2712 dione
433 2682 581 2725 pressit:
608 2686 691 2714 ante
715 2687 836 2715 tamen
860 2687 974 2714 turres
1004 2687 1102 2715 extra
1134 2681 1256 2714 urbem
1280 2682 1318 2714 in
1343 2681 1434 2725 agris
1456 2680 1617 2724 vicisque
1641 2679 1738 2718 sitas,

297 2727 335 2760 in
360 2736 447 2772 quas
470 2728 636 2761 nonnulli
662 2735 809 2774 propter
834 2730 1057 2774 repentinam
1088 2728 1242 2763 hostium
1270 2727 1506 2774 irruptionem
1531 2737 1569 2760 se
1595 2735 1739 2771 recepe-
