1806 3190
528 187 625 226 mi.
655 186 724 225 iv.
765 185 885 228 CAP.
910 186 944 226 1.
1341 164 1374 219 3
1389 185 1404 219 ι
1419 163 1452 222 5

16 279 94 330 nie*
111 271 300 335 ’ἐκλείψει
330 282 353 337 ἧ
386 282 487 333 δόξα
512 283 680 338 Κηδάρ,
706 283 779 325 καί
796 284 841 325 τὸ
870 282 1130 336 κατάλειμμα
1147 285 1228 325 τῶν
1250 283 1451 335 τοξευμά-

18 340 102 394 [Ἰν
139 344 243 388 υἱῶν
272 346 424 402 Κηδιὶρ
464 351 548 390 τῶν
588 351 773 402 ἰσχυρῶν
811 348 930 392 ἔσται
964 349 1123 404 ὀλίγον,
1163 348 1272 391 διότι
1310 345 1454 402 κύριος

16 404 216 466 θ’ίλησεν
247 412 268 453 ὁ
296 411 394 461 θεὸς
422 414 620 470 ’[σραη’λ.’ι
651 410 760 455 οὕτω
791 416 836 457 δὲ
865 417 937 456 και
967 434 987 456 υ
1019 415 1257 472 σοφώτατος
1285 415 1453 469 Στέφα-

111 475 132 518 ὅ
157 478 464 531 Ἀλεξανδρεύς,
493 481 786 522 ἐπακολουθῶν
812 483 868 537 τιΐί
895 482 968 521 τοῦ
995 478 1208 536 προφήτου
1234 478 1358 536 ῥητῶ,
1384 478 1456 520 ἐπι

23 543 131 599 ,”ἰυς
159 543 293 602 ςρλα’,
313 546 594 600 Σεπτεμβρίου
619 546 666 598 γ’,
696 543 828 601 ἡμέρᾳ
861 545 893 593 ς’
922 547 1122 599 θεματιον
1148 548 1247 600 περὶ
1271 547 1342 600 τῆς
1369 546 1453 587 τῶν

64 611 276 662 μαηλιτῶν
291 611 505 662 βασιλείας
527 609 701 664 ποιήσας
721 627 789 652 και
809 614 1042 660 κανονίσας.
1074 611 1227 659 “οὑτος
1254 610 1451 666 κρατήσει

13 675 19 693 ⁴
32 684 34 687 ’
56 685 59 688 “
83 671 205 726 ἰσχύϊ
216 677 295 726 μὲν
312 674 383 715 καί
409 671 582 731 εὐτυχίᾳ
611 674 682 730 ἔτη
698 676 917 729 τριακόσια
942 678 1071 728 ἐννέα,
1094 678 1138 717 ἐν
1157 678 1203 717 δὲ
1230 679 1451 733 συστροφῇ

22 736 84 786 ,ἰΰί
107 738 388 798 ἀκαταστασία
409 743 529 794 ἕτερα
551 739 622 796 ἔτη
644 741 888 796 πεντήκοντα
916 743 972 795 ἓξ,
1003 739 1106 784 ὥστε
1135 737 1238 783 εἶναι
1262 740 1336 797 την
1354 743 1449 782 δια-

35 801 206 859 ράτησιν
224 805 363 847 αὕτῶν
388 807 526 848 πᾶσαν
547 809 809 860 ευ’τυχοῦ’σαν
832 809 903 849 καί
919 809 1212 862 δυστυχοῦσαν
1238 805 1310 863 ἔτη
1337 805 1450 858 τξε’.”

23 860 27 867 ⁴
52 871 116 918 νὲς
144 872 222 922 μὲν
248 872 374 921 λοξῶς
413 870 485 913 τὸν
510 871 700 927 χρησμὸν
728 873 1082 926 διαλαμβάνοντες
1114 875 1280 928 λέγουσι
1312 875 1448 922 κακῶς

47 933 258 988 εμάτισεν
285 935 309 977 o‘
337 936 615 991 α’στρονόμος,
659 938 940 992 λαμβάνοντες
967 938 1040 994 τήν
1081 938 1216 995 α’ρχὴν
1243 939 1318 980 τοῦ
1342 955 1447 992 χρη-

19 1001 120 1054 μοῦ
144 1003 189 1043 ἐκ
225 1004 302 1043 τοῦ
326 1004 543 1057 εἰρημένου
589 1002 731 1053 ἔτους·
796 1007 869 1046 καί
902 1004 976 1046 ἐὰν
1015 1002 1148 1054 οὕτως
1187 999 1240 1059 ἦν
1281 1003 1338 1054 ὥς
1371 1006 1446 1057 ἐμὲ

19 1067 122 1120 ιαχύ
158 1067 320 1122 λεπτόν,
348 1067 574 1111 ἐλάνθανεν
592 1072 757 1112 ἐκεῖνον.
814 1068 894 1123 ἐγώ
926 1071 971 1111 δὲ
1001 1070 1107 1112 κατὰ
1134 1070 1176 1112 τὸ
1208 1072 1355 1111 δοκοῦν
1381 1087 1445 1112 τι-

12 1133 91 1174 “”’ν
119 1131 364 1189 φιλοσόφων
393 1135 576 1189 ἀρίστων
604 1137 768 1190 α’νδριῦν
805 1134 928 1184 οἰδώς
962 1138 1034 1177 καί
1063 1137 1310 1190 α’νεγνωκιός.
1369 1137 1444 1177 οὐκ

16 1197 145 1254 -ρχὴν
183 1201 254 1253 τῆς
289 1202 368 1242 τῶν
394 1202 661 1255 Ἰσμαηλιτῶν
690 1203 915 1256 θρησκείας
953 1197 980 1255 ἢ
1016 1205 1232 1255 βασιλείας
1261 1199 1282 1243 ὃ
1312 1201 1443 1257 σοφὸς

15 1257 126 1312 ιῦτος
155 1266 286 1307 ἐποίει
313 1265 394 1306 cin«)
429 1268 511 1306 τῶν
529 1266 696 1321 χρόνων
717 1268 927 1319 ΙΙΙωάμεθ,
958 1267 1046 1309 ἄλλ’
1073 1265 1212 1323 ὥσπερ
1245 1268 1343 1322 περὶ
1368 1270 1440 1322 τῆς

36 1333 262 1386 ροφητείας
288 1330 449 1387 Δανιηλ
476 1334 549 1373 τοῦ
580 1335 715 1374 θείου.
742 1335 932 1387 τέταρτον
960 1334 1109 1387 θηρίον
1139 1333 1334 1386 ὀνομάζει
1367 1331 1442 1387 την

29 1397 87 1437 ὢν
105 1395 323 1449 Ῥωμαίων
361 1400 578 1450 βασιλείαν
600 1415 610 1425 ·
686 1397 759 1439 καί
790 1400 863 1439 ου’κ
903 1395 1039 1454 ἀρχὴν
1067 1402 1256 1441 ποιοῦσιν
1284 1397 1322 1440 οἱ
1349 1401 1441 1454 ἐξη-

29 1461 128 1516 ηταί
150 1461 230 1503 α’πό
254 1461 418 1516 Ῥώμου
445 1465 518 1506 καί
538 1463 783 1516 εΙῑίιῃιύλου,
813 1459 905 1506 οὔτε
937 1467 1183 1514 δυναστείας
1206 1465 1439 1517 Ῥωμαίων,

37 1532 342 1583 ιιστοκρατείας
385 1531 687 1584 δημοκρατείας
723 1532 986 1585 διδακτορίας
1016 1530 1197 1579 ὑπατίας
1226 1531 1298 1572 καί
1318 1534 1442 1584 βασι-

26 1595 115 1643 είας
149 1593 491 1649 μνημονεύουσιν,
523 1594 627 1638 α’λλὰ
652 1595 780 1649 μόνον
814 1598 859 1638 ἐκ
879 1599 952 1638 τοῦ
974 1597 1190 1650 Ὀκταβίου
1220 1599 1440 1651 Καίσαρος

13 1659 73 1701 ιιὰ
102 1658 178 1714 τῆν
203 1659 466 1703 κατάπαυσιν
489 1679 559 1716 της
586 1663 834 1717 μοναρχίας,
865 1662 1006 1711 καθώς
1034 1660 1225 1704 κάτωθεν
1256 1659 1437 1718 ῥηθήσε-

26 1741 87 1768 αι.
145 1723 254 1768 οὕτω
281 1729 359 1781 μὲν
397 1743 466 1770 και
496 1725 517 1768 ὃ
545 1743 788 1784 σοφωτατος
818 1730 1029 1786 Στέφανος
1060 1730 1106 1771 ἐκ
1133 1730 1209 1771 τοῦ
1231 1727 1436 1783 Ὀτμανου

33 1902 126 1944 edar,
152 1910 188 1937 et
215 1904 387 1950 reliquiae
422 1905 617 1938 iaculorum
648 1905 792 1939 fortium
818 1906 971 1940 filiorum
998 1905 1110 1939 cedar
1144 1906 1292 1950 exiguae
1317 1913 1437 1948 erunt,

11 1950 171 1983 uoniam
201 1950 375 1992 dominus,
401 1952 487 1985 deus
511 1953 664 1994 Israelis,
690 1954 831 1986 locutus
858 1952 944 1987 estfl'
992 1953 1038 1986 ad
1063 1953 1162 1999 quod
1187 1954 1320 1987 dictum
1351 1966 1437 1999 pro-

11 1995 131 2031 ·hetae
158 2010 193 2030 se
217 1999 398 2043 applicans
416 1999 694 2044 sapientissimus
712 2000 911 2045 Stephanus
929 2000 1199 2042 Alexandrinus,
1224 2012 1317 2033 anno
1332 2001 1438 2042 613¹,

11 2045 218 2089 “eptembris
246 2045 303 2078 die
332 2046 363 2086 3,
390 2045 622 2079 hebdomadis
649 2049 688 2087 6,
725 2046 770 2079 de
795 2048 1049 2080 ismaelitarum
1084 2058 1191 2091 regno
1227 2048 1293 2080 hoc
1317 2046 1436 2080 thema

16 2091 86 2124 ecit
109 2097 146 2125 et
169 2093 365 2126 constituit.
399 2092 448 2126 ‘is
474 2099 640 2138 potenter
669 2099 705 2126 et
744 2105 910 2138 prospere
935 2095 1097 2138 regnabit
1120 2107 1232 2127 anuos
1257 2100 1434 2128 trecentos

23 2148 142 2180 ovem,
180 2139 217 2172 in
255 2151 370 2172 rerum
400 2141 568 2184 angustiis
607 2146 643 2174 et
667 2141 934 2185 perturbatione
961 2141 1093 2175 deinde
1118 2153 1230 2174 annos
1255 2142 1436 2186 quinqua-

11 2183 95 2222 inta
122 2197 203 2226 sex,
237 2192 277 2219 ut
301 2187 447 2220 omnino
482 2199 602 2220 eorum
630 2188 815 2231 imperium
854 2194 928 2222 tum
964 2188 1119 2221 faustum
1142 2195 1216 2221 tum
1241 2189 1435 2221 infaustum

16 2235 157 2265 uturum
185 2244 213 2266 si
204 2233 231 2266 t
255 2244 318 2278 per
341 2245 451 2266 annos
482 2233 583 2268 365.”
632 2235 799 2267 nonnulli
823 2235 1029 2268 vaticinium
1050 2247 1229 2280 perperam
1256 2235 1435 2279 interpre-

22 2278 83 2319 ti,
110 2284 351 2312 astronomum
380 2281 472 2313 male
513 2282 759 2315 ratiocinatum
787 2293 862 2315 esse
888 2282 1071 2320 affirmant,
1098 2283 1237 2314 initium
1263 2280 1434 2315 (lucentes

29 2340 36 2353 ι
69 2336 133 2366 eo,
171 2337 276 2371 quem
315 2326 410 2367 dixi',
435 2338 539 2360 anno.
590 2327 686 2373 quod
711 2329 738 2360 si
777 2330 825 2361 ita
861 2335 971 2369 esset,
1011 2329 1120 2361 falsus
1147 2329 1209 2361 ille
1245 2328 1348 2361 foret.
1397 2334 1436 2362 at

23 2372 166 2417 quidem
190 2373 234 2406 de
261 2383 300 2405 ea
326 2385 362 2406 re
388 2375 610 2418 quorundam
638 2375 917 2408 doctissimorum
943 2375 1126 2408 hominum
1152 2376 1346 2408 sententias
1373 2386 1435 2408 co-

31 2419 103 2451 ovi
128 2425 164 2453 et
188 2419 309 2460 didici,
334 2420 528 2454 secuudum
557 2433 643 2467 quas
672 2422 813 2466 sapiens
838 2423 900 2456 ille
928 2424 980 2455 vir
1003 2423 1145 2456 initium
1171 2422 1433 2466 superstitionis

13 2469 37 2499 t
57 2466 197 2511 imperii
227 2468 484 2500 Ismaelitarum
508 2480 580 2501 non
617 2481 636 2501 a
660 2468 872 2503 Mohametis
899 2475 1016 2503 aetate
1043 2469 1167 2508 duxit,
1194 2468 1255 2500 sed
1285 2469 1328 2501 ad
1354 2481 1433 2502 mo-

24 2523 81 2545 um
103 2514 261 2547 vaticinii
287 2513 399 2547 divini
422 2515 579 2548 Danielis
605 2515 743 2548 locutus
776 2521 839 2549 est.
889 2518 918 2550 is
943 2522 1103 2562 quartam
1129 2515 1277 2548 bestiam
1306 2517 1435 2548 Roma-

22 2570 123 2592 orum
148 2560 333 2605 imperium
359 2561 572 2606 appellavit:
609 2573 675 2595 nec
701 2563 916 2607 interpretes
945 2575 963 2595 a
991 2565 1098 2595 Remo
1124 2568 1160 2594 et
1182 2563 1330 2595 Romulo
1361 2563 1432 2595 ini-

11 2604 84 2638 'um
108 2607 263 2651 capiunt,
289 2613 351 2641 aut
375 2608 608 2642 Romanorum
634 2609 872 2654 principatus,
910 2609 1097 2649 nobilium,
1123 2609 1251 2652 plebis,
1279 2609 1432 2643 dictato-

13 2662 84 2694 um,
113 2653 309 2694 consulum,
335 2665 454 2697 regum
480 2655 625 2700 imperia
651 2663 941 2696 commemorant,
967 2656 1027 2689 sed
1047 2656 1090 2688 ab
1115 2656 1263 2689 Octavio
1292 2656 1432 2691 demum

24 2709 142 2732 aesare
166 2707 310 2746 propter
340 2701 472 2734 exitum
510 2702 756 2743 monarchiae,
791 2702 1088 2748 quemadmodum
1116 2702 1208 2736 infra
1234 2702 1431 2737 docebitur.

19 2744 121 2780 odem
147 2745 254 2791 igitur
278 2747 383 2782 modo
416 2747 695 2795 sapientissimus
734 2729 934 2796 Stephanus
974 2749 1017 2783 ab
1044 2749 1194 2784 Otmane
1233 2761 1348 2784 amera
1377 2762 1434 2784 ca-
