1806 3190
608 137 706 175 Lm.
749 138 782 175 l.
823 135 939 176 CAP.
965 137 996 174 1.
1112 147 1119 159 ³
1461 136 1476 167 1
1500 136 1518 168 1

44 257 46 268 ν
93 235 275 311 μεγάλας
315 236 596 290 συκοφαντίας
630 237 700 276 καί
735 233 930 289 μηχανάς
969 236 1027 282 εἰς
1053 235 1171 282 τέλος
1207 230 1530 290 κορυφωθειῖτας

94 300 256 357 μακρὸν
284 298 323 342 οἱ
351 300 552 342 ἀντίδικοι
580 289 746 341 αῧτοῦ
728 301 925 354 εποίησαν
954 299 1118 348 καὶτὰς
1143 299 1219 340 τοῦ
1240 294 1414 347 ἄνακτος
1441 299 1527 339 ἐνέ-

96 372 257 421 πλησαν
276 365 425 418 α’κοάς,
453 364 524 407 διὰ
551 368 674 408 τοῦτο
701 364 781 421 πρὸ
809 368 885 408 τοῦ
911 369 1062 408 παθεῖν
1083 367 1197 422 φυγῇ
1215 364 1289 420 τήν
1315 366 1528 420 σωτηρίαν

95 432 314 487 ἐχρήσατο.
375 430 630 481 ἀπελθόντος
671 432 717 472 δὲ
757 433 890 472 αὐτοῦ
931 434 975 474 ἐν
1003 432 1059 472 τῶ
1097 431 1275 489 Ἰκονίῳ,
1314 430 1415 484 εὗρε
1453 428 1534 471 τὸν

7 525 10 530 v
59 496 315 543 ὅσουλτάνον
341 499 506 554 σπουδῇ
517 496 592 546 τὰς
622 495 776 539 εαυτοῦ
793 473 1048 551 αἰθροίζοντοιι
1073 497 1292 550 δυνάμεις,
1322 498 1393 537 ἵνα
1418 497 1528 546 ἐξέλ-

97 566 155 622 θῃ
184 561 287 605 κατὰ
311 564 394 606 τῶν
418 563 668 617 μαχομένων
696 563 813 620 αὐτῷ
837 565 1028 605 Σκυθῶν.
1101 564 1266 612 ἐδέξατο
1295 557 1369 603 οὖν
1398 560 1529 602 αὐτὸν

97 629 121 672 ὅ
150 625 371 679 σουλτάνος
406 627 507 681 μετὰ
535 630 674 683 χαρᾶς
711 628 914 683 μεγάλης,
952 627 1025 670 καὶ
1051 631 1249 679 συλλέξας
1280 627 1456 682 στρατόν
1484 629 1530 668 ἐκ

97 697 178 739 τῶν
208 696 478 749 Χριστιανῶν
519 690 645 749 (ἦσαν
683 693 760 749 γὰρ
799 695 872 736 ὑπ’
911 696 1024 752 αὐτῷ
1058 695 1189 736 παλαι
1231 693 1532 745 δεδουλωμένοι

97 763 202 810 τινὲς
225 758 444 815 Ῥωμαῖοι)
489 759 562 801 καί
593 758 674 802 ὑπὸ
701 759 932 816 στρατηγὸν
971 759 1042 802 τὸν
1067 759 1363 813 Παλαιολόγον
1390 757 1532 807 ἔταξεν

0 852 4 859 ·
40 838 88 867 ιο
101 823 255 876 αὐτούς
265 858 278 879 ,
311 827 383 867 καί
405 824 639 880 Ῥωμαϊκήν
662 825 735 868 καί
760 829 875 882 ξένην
903 826 1054 881 στολὴν
1081 825 1280 874 κελεύσας
1309 824 1376 866 ἵνα
1407 827 1532 879 φορέ-

99 908 249 944 σωσιν,
281 887 393 940 ὅπως
420 892 656 949 καταπλήξῃ
677 891 774 941 τούς
793 894 1026 946 πολεμίους.
1059 891 1083 933 ὃ
1111 891 1184 934 καί
1210 893 1390 946 ἐγένετο·
1420 887 1533 931 ἰδόν-

97 973 163 1007 τες
191 954 269 1012 γὰρ
297 958 336 999 οἱ
364 956 527 999 Σκύθαι
553 958 749 1014 ἐξαίφνης
767 956 944 1014 στρατόν
964 958 1213 1012 ἐπαγόμενον
1244 954 1291 998 ὃν
1311 957 1386 997 ου’κ
1416 950 1532 1010 ἤλπι-

100 1024 191 1076 ζον,
231 1021 449 1079 φεύγοντες
490 1018 658 1082 ᾤχοντο.
730 1023 804 1066 καί
842 1021 973 1074 οὕτως
1010 1023 1060 1066 τὰ
1109 1026 1154 1066 ἐν
1196 1024 1254 1082 τῷ
1277 1022 1428 1080 Ἰκονίῳ
1465 1036 1533 1075 γε·

97 1087 260 1142 γόνασι.

40 1155 88 1198 15
210 1152 262 1197 Οἱ
299 1156 345 1196 δὲ
380 1157 553 1204 Νικαεῖς
588 1155 799 1211 γράφουσι
842 1157 899 1213 τῷ
928 1159 1130 1210 βασιλεῖ,
1180 1155 1286 1198 ἔνθα
1330 1151 1405 1210 ἦν,
1439 1156 1536 1207 περὶ

99 1223 170 1276 τῆς
199 1222 334 1275 φυγῆς
379 1223 453 1262 τοῦ
483 1221 793 1274 Παλαιολόγου.
859 1221 933 1263 καὶ
958 1222 1014 1271 ὥς
1051 1218 1227 1277 ἤκουσεν
1255 1221 1277 1262 ὅ
1307 1218 1532 1274 βασιλεύς,

98 1287 322 1341 περίλυπος
345 1286 524 1339 ἐγεγόνει
551 1287 624 1327 καί
653 1289 712 1335 εἰς
736 1287 925 1342 ταραχὴν
944 1290 1149 1342 λογισμῶν
1169 1290 1242 1329 οὐκ
1273 1287 1411 1341 ὀλίγην
1448 1288 1534 1328 ἐνέ-

98 1366 208 1394 πεσε.
263 1353 336 1393 καί
361 1353 500 1406 ὀλίγου
527 1351 810 1407 παρελθόντος
836 1355 985 1410 καιροῦ
1025 1353 1177 1410 γράφει
1204 1352 1308 1410 πρὸς
1337 1352 1408 1395 τὸν
1436 1356 1536 1394 ,Πα-

247 1485 342 1531 ὕψος

198 1545 225 1566 r.
251 1535 350 1572 τέλος
374 1533 399 1566 Ρ
514 1543 545 1565 2.
575 1534 613 1568 οἱ
633 1531 880 1580 ἀντικείμενοι
905 1531 985 1576 ἤτοι
1009 1531 1190 1568 ἀντίδικοι
1218 1534 1242 1566 Ρ
1337 1535 1536 1577 ἔπλησανῐ)

190 1580 223 1613 3.
247 1593 285 1614 ⁷1
313 1582 506 1633 σωτηρίας
517 1577 606 1615 ὁδὸν
631 1581 706 1634 ἐχρ.
733 1581 767 1614 Ρ.
792 1593 836 1613 an
862 1582 1081 1627 ἓπορίσατο.
1073 1581 1088 1603 ³
1112 1581 1155 1613 cs.
1179 1593 1213 1625 p·
1247 1581 1285 1625 14
1311 1581 1369 1614 im
1503 1583 1534 1626 4.

192 1628 273 1662 ἐπεὶ
299 1627 338 1662 δὲ
361 1619 535 1662 aneia&
560 1626 668 1666 αὐτὸς
691 1629 742 1665 εἰς
765 1625 805 1661 τὸ
826 1626 980 1662 Ἰκόνιον
1004 1628 1027 1659 Ρ
1054 1639 1073 1660 a
1097 1627 1251 1660 secunda
1278 1640 1384 1661 manu
1504 1630 1533 1661 5.

193 1671 350 1720 ἅθροίζ.1
372 1673 625 1720 συγκρούοντα
648 1674 717 1715 vel,
734 1674 763 1707 si
778 1674 927 1707 Pindero
956 1674 1056 1715 fides,
1077 1685 1190 1720 συγκρ
1196 1675 1346 1709 οτοῦντα
1369 1686 1486 1719 margo
1513 1676 1536 1708 Ρ

193 1732 224 1766 7
244 1723 442 1760 καταλέξας
466 1722 503 1754 Μ
577 1734 634 1779 9
657 1723 787 1777 συχνοὶ
811 1721 990 1776 ῥωμαίων
1009 1722 1031 1754 Ρ
1048 1733 1067 1754 a
1086 1722 1242 1755 secunda
1267 1723 1414 1756 fortasse
1429 1734 1534 1755 manu

192 1765 476 1815 ὑποστρατηγὸν
498 1768 546 1810 Μ,
568 1764 639 1803 ὑπὸ
664 1766 730 1827 τεὸν
753 1764 960 1815 στρατηγὸν
983 1769 1020 1801 Μ
1119 1781 1170 1802 ιο.
1197 1767 1322 1809 αὐτοῖς
1345 1770 1383 1803 Μ
1483 1782 1533 1801 ιι

191 1816 255 1850 ἱνα
279 1816 316 1849 Μ
437 1817 638 1854 ἐναντίους·
663 1815 711 1856 ὦς
738 1816 776 1848 Μ
916 1816 966 1849 13.
994 1817 1228 1863 ἐγεγόνασιΡ
1350 1819 1399 1851 ιδ.
1428 1820 1490 1850 καὶ
1515 1816 1534 1852 ὁ

193 1861 299 1909 λόγος
320 1858 519 1909 παρελθών
546 1861 684 1910 καιρός
731 1861 810 1897 εἶτα
833 1861 974 1910 γράφει
996 1863 1035 1896 Μ

102 1987 199 2020 nium
233 1986 473 2032 imperatoris,
505 1999 572 2021 nec
604 1988 713 2020 ullam
750 1987 1036 2021 mansuetudinis
1058 1987 1117 2021 vel
1139 1988 1401 2021 misericordiae
1437 2000 1534 2033 spem

104 2034 177 2067 fore
193 2033 260 2066 sibi
283 2039 514 2079 persuaserat.
536 2037 657 2079 itaque
682 2046 790 2089 quum
810 2035 1006 2068 calumnias
1030 2034 1282 2080 machinasque
1300 2035 1346 2068 ad
1362 2047 1535 2069 summum

103 2080 280 2125 fastigium
312 2081 504 2114 commoliti
538 2087 655 2115 essent
689 2082 765 2115 eius
798 2083 935 2115 inimici
969 2083 1261 2128 imperatorisque
1301 2089 1537 2128 occupassent

102 2138 215 2168 aures,
238 2133 429 2173 antequam
453 2128 595 2162 funesta
613 2133 804 2174 pateretur,
835 2129 917 2174 fuga
936 2129 1043 2163 saluti
1071 2130 1266 2175 prospexit.
1314 2131 1472 2163 Iconium
1495 2136 1536 2164 ut

101 2175 211 2215 venit,
235 2175 413 2208 sultanum
437 2174 594 2208 studiose
620 2176 738 2220 copias
765 2182 1024 2221 comparantem
1052 2178 1204 2222 reperit,
1229 2182 1351 2210 contra
1375 2176 1534 2219 Scythas,

102 2221 312 2266 quibuscum
325 2221 532 2263 dissidebat,
549 2223 799 2267 profecturum.
817 2224 955 2269 recepit
968 2235 1048 2256 eum
1059 2235 1186 2269 magno
1212 2236 1290 2257 cum
1309 2223 1436 2268 gaudio
1460 2225 1534 2257 sul·

102 2274 205 2309 tanus
217 2274 254 2302 et
271 2270 442 2303 exercitui
454 2271 653 2315 conscripto
668 2269 931 2304 eChristianis
918 2277 1036 2315 gerant
1053 2271 1147 2304 enim
1167 2271 1199 2304 ei
1215 2271 1352 2316 pridem
1365 2271 1530 2304 nonnulli

102 2307 253 2349 subiecti
278 2317 440 2362 Romani)
466 2317 652 2362 praefecit,
677 2317 853 2363 iussitque
877 2318 1008 2350 milites
1030 2320 1222 2352 Romanum
1248 2330 1287 2351 ac
1311 2318 1533 2363 peregrinum

101 2362 251 2396 induere
285 2364 478 2404 vestitum,
510 2375 581 2409 quo
617 2363 779 2398 hostibus
813 2366 1016 2398 incuterent
1049 2371 1230 2399 terrorem.
1262 2376 1328 2398 nec
1350 2376 1430 2398 eum
1455 2377 1534 2410 spes

102 2409 245 2443 fefellit.
270 2421 350 2443 nam
364 2410 526 2454 Scythae,
552 2422 660 2456 quum
683 2411 802 2445 subito
828 2412 1021 2446 exercitum
1047 2419 1168 2446 contra
1194 2424 1230 2446 se
1249 2411 1330 2445 duci
1352 2411 1535 2453 vidissent,

102 2467 207 2502 quem
230 2469 302 2490 non
324 2464 525 2502 sperarant,
545 2459 582 2491 in
610 2458 726 2502 fugam
750 2459 981 2504 praecipitem
1009 2471 1047 2493 se
1072 2460 1308 2493 tradiderunt.

192 2503 288 2537 Haec
324 2504 408 2538 dum
439 2505 551 2538 Iconii
587 2511 768 2549 geruntur,
801 2506 1014 2540 Nicaeenses
1049 2507 1093 2540 de
1135 2507 1213 2550 fuga
1253 2505 1451 2550 palaeologi
1488 2506 1536 2540 ad

103 2549 352 2594 imperatorem
385 2553 524 2587 litteras
554 2551 751 2594 dederunt3
786 2565 857 2599 quo
888 2554 1018 2587 nuntio
1044 2555 1107 2586 ille
1133 2554 1277 2587 tristitia
1302 2565 1372 2586 non
1394 2553 1539 2587 medio·

103 2596 153 2628 cri
185 2599 328 2631 affectus
353 2605 389 2633 et
422 2600 539 2632 animo
580 2599 771 2634 admodum
801 2601 1047 2655 perturbatus,⁸
1087 2600 1185 2633 brevi
1227 2606 1385 2645 tempore
1424 2601 1538 2634 inter-

103 2643 234 2686 misso,
262 2646 510 2690 Palaeologum
543 2646 672 2681 litteris
707 2647 752 2680 ad
789 2647 944 2681 reditum
977 2648 1126 2686 invitat,
1157 2659 1326 2680 suminam
1358 2649 1390 2679 ei
1426 2648 1535 2692 poni-

106 2691 194 2726 citus
213 2691 497 2728 benevolentiam
513 2695 821 2741 securitatemque,
842 2695 1054 2739 interposito
1076 2673 1312 2729 iuieiurando.
1341 2700 1449 2740 atque
1469 2695 1536 2728 hoc
