1806 3190
330 133 436 187 280
747 150 973 190 Gssonou
1013 146 1330 189 PHRAN'rzAss

434 248 526 290 Kal
541 245 700 299 α’ναβιὶς
728 248 793 300 ἐφ’
821 249 949 287 ἵππου
977 244 1204 299 ἐξήλθομεν
1235 247 1318 286 τῶν
1333 245 1566 298 α’νακτόρων
1591 261 1754 302 περιερ-

318 313 488 367 χόμενοι
517 312 568 354 τοὶ
596 314 727 365 τείχη,
747 314 814 352 ἵνα
843 309 940 360 τοὺς
959 309 1150 366 φύλακας
1179 312 1443 364 διεγείρωμεν
1468 309 1570 366 πρὸς
1595 311 1641 353 τό
1668 328 1753 368 φυ-

316 376 478 420 λάττειν
507 374 737 430 α’γρύπνως.
794 371 902 430 ἦσαν
931 378 977 418 δὲ
991 376 1143 425 πάντες
1171 374 1242 418 ἐπὶ
1261 381 1346 424 τοῖς
1368 378 1522 429 τείχεσι
1549 378 1627 419 καί
1647 376 1755 430 mip-

315 460 402 496 γοις
429 444 478 499 τῇ
506 443 623 483 νυκτί
649 441 780 498 ἐκείνῃ
799 457 810 469 ·
880 443 953 484 καί
981 441 1025 483 αἱ
1055 440 1185 483 πύλαι
1225 444 1358 483 πᾶσαι
1385 437 1491 495 ἦσαν
1520 444 1751 493 κεκλεισμέ-

315 525 382 550 ναι
409 505 733 563 ἀσφαλέστατα,
767 510 822 549 δι’
846 502 903 550 ὧν
924 509 977 549 ου’
997 507 1175 550 δυνατὸν
1204 503 1255 563 ἦν
1282 508 1465 559 ἐξελθεῖν
1490 509 1582 550 τινὰ
1611 505 1640 563 ἢ
1666 509 1789 558 εἰσ-5

315 577 465 614 ελθεῖν.
534 570 590 620 ὥς
619 574 665 613 δὲ
694 567 876 627 ἤλθομεν
914 575 959 616 ἐν
983 580 1069 623 τοῖς
1097 572 1373 627 Καλιγαρίοις
1401 569 1490 630 ὥρᾳ
1520 573 1656 630 πρώτῃ
1678 576 1751 628 τῆς

313 638 670 693 α’λεκτροφωνίας,
698 641 907 688 κατιόντες
937 642 1019 682 τῶν
1046 643 1183 681 ἳππων
1202 639 1439 693 α’νήλθομεν
1457 640 1516 687 εἰς
1545 638 1613 681 τὸν
1643 637 1750 692 πύρ-

310 717 396 755 γον,
426 705 499 744 καί
523 700 760 757 ἠκούσαμεν
784 707 949 758 συχναῖς
979 704 1140 757 ὁμιλεῖν
1159 706 1231 746 καί
1248 702 1433 757 θόρυβον
1458 705 1588 757 μέγαν
1615 708 1749 746 ποιεῖν

310 765 466 818 ἔξωθεν
506 769 763 822 ἐπιτήδειον,
803 772 877 812 καί
912 766 1027 812 εἶπον
1055 770 1155 824 ἡμῖν
1193 768 1231 811 οἱ
1260 769 1442 826 φύλακες
1471 766 1534 811 ὅτι
1563 769 1617 810 δι’
1651 764 1749 822 ὅλης

308 835 378 885 τῆς
407 832 551 882 νυκτὸς
578 830 712 883 οὕτως
735 837 924 878 ποιοῦσιν
940 853 950 863 ·
1009 831 1119 890 ἦσαν
1145 834 1224 890 γάρ
1250 836 1466 888 σύρνοντες
1491 833 1540 875 τοὶ
1559 830 1638 875 ὅσα
1664 836 1748 876 τῶν
1767 850 1794 882 μ

311 897 495 951 ὁργάνων
525 899 628 955 πρὸς
657 903 933 954 τειχομαχίαν
961 901 1222 956 ἦτοιζιιασται,
1256 903 1456 956 φέροντες
1484 899 1595 941 αὐτοὶ
1626 898 1750 954 ἐγγύς

308 967 380 1006 τοῦ
405 964 653 1019 ὀρύγματος.
713 968 784 1007 ἐπὶ
824 965 989 1016 τούτοις
1025 965 1271 1008 σαλεύονται
1313 967 1386 1007 καί
1422 968 1504 1007 τῶν
1532 965 1667 1020 ἦόνων
1693 963 1745 1007 τοὶ

306 1032 481 1083 μέγιστα
499 1031 591 1072 -τῶν
622 1031 861 1073 οἶντιπάλων
886 1033 1041 1087 σκάφη,
1075 1033 1148 1073 καί
1167 1030 1212 1072 αἶ
1238 1029 1421 1085 τριήρεις
1446 1033 1519 1072 καί
1547 1029 1591 1072 αἱ
1617 1033 1750 1087 γέφυ-

307 1112 380 1148 ραι
409 1097 453 1137 ἑν
486 1098 543 1151 τῷ
568 1099 703 1148 λιμένι
723 1103 808 1144 τοῖς
830 1096 986 1150 τείχεσι
1017 1099 1089 1137 καί
1104 1102 1197 1145 ταῖς
1223 1097 1369 1145 οἷκταϊς
1397 1096 1747 1151 προσπελάζουσι.

307 1160 405 1215 περὶ
431 1162 476 1202 δὲ
507 1164 706 1213 δευτέραν
735 1161 1071 1218 οἷλεκτροφωνίαν
1101 1157 1201 1202 ἄνευ
1234 1163 1408 1216 σημείου
1439 1162 1576 1214 τινός,
1605 1162 1746 1213 καθώς
1764 1166 1795 1213 ιέ

306 1228 379 1268 καί
403 1222 548 1274 ἄλλαις
576 1223 751 1279 ἡμέραις
781 1229 1043 1279 προεποιόυν,
1071 1226 1139 1268 τὸν
1157 1229 1335 1280 πόλεμον
1355 1229 1522 1282 α’νῆψαν
1540 1226 1643 1280 μετὰ
1671 1245 1747 1281 με-

305 1291 432 1346 γάλης
462 1293 647 1344 σπουδῆς
676 1293 749 1332 καί
772 1292 883 1344 βίας.
917 1294 1171 1347 ἐπροώρισεν
1191 1287 1266 1334 οὖν
1296 1291 1318 1334 ὅ
1350 1293 1516 1347 οἷμηρᾶς
1544 1294 1612 1334 ἵνα
1642 1292 1747 1336 ποίν-

305 1372 373 1404 τες
401 1355 440 1397 οἱ
466 1356 525 1410 μὴ
570 1352 681 1406 ὄντες
718 1360 911 1399 τοσοῦτον
937 1356 1129 1412 «ἔμπειροι
1154 1359 1198 1400 ἐν
1226 1361 1421 1411 πολέμοις
1450 1359 1526 1400 καί
1545 1375 1653 1407 τινες
1679 1360 1746 1413 γε’·

307 1437 449 1476 ροντες
496 1423 569 1463 καί
606 1425 692 1464 νέοι
737 1424 782 1463 ἐν
822 1421 1001 1477 πρώτοις
1031 1423 1104 1465 τὸν
1133 1424 1314 1476 πόλεμον
1343 1422 1540 1477 ἄνοι’ψωσι
1578 1426 1650 1466 καί
1674 1426 1747 1479 τὴν

303 1486 546 1541 συμπλοκήν
584 1485 840 1542 ποιήσωσιν,
887 1489 955 1529 ἵνα
984 1488 1095 1543 ἡμᾶς
1134 1489 1271 1543 ὀλίγον
1314 1488 1547 1532 κοπιάσωσι
1588 1492 1661 1531 καί
1707 1489 1745 1532 οἱ
1787 1536 1792 1543 ,

304 1555 429 1594 πλέον
456 1553 628 1606 ἰσχυροί
663 1555 735 1595 καί
767 1553 954 1609 ἀνδρεῖοι
992 1557 1066 1596 καί
1099 1553 1290 1608 ἔμπειροι
1324 1558 1400 1597 τοῦ
1428 1557 1610 1607 πολέμου
1638 1555 1743 1609 μετὰ

304 1621 489 1667 πλείονος
530 1617 718 1673 θάρσους
762 1621 834 1661 καί
873 1623 1115 1673 προθυμίας
1158 1624 1255 1662 καθ’
1290 1621 1409 1675 ἡμῶν
1437 1619 1604 1663 ἔλθωσι.
1674 1622 1748 1665 καί

303 1685 439 1724 ταῦτα
468 1683 649 1737 ἐγένετο,
680 1686 750 1725 καί
790 1683 813 1724 ὅ
858 1684 1036 1738 πόλεμος
1075 1687 1148 1727 καί
1175 1687 1200 1740 ἦ
1232 1687 1445 1742 συμπλοκὴ
1489 1687 1545 1736 ὥς
1574 1685 1745 1739 κάμινος

302 1749 459 1804 οἷνῆψε.
533 1751 605 1789 καί
648 1748 684 1790 οἱ
715 1750 903 1806 ἡμέτεροι
931 1751 1130 1805 γενναίως
1159 1752 1373 1807 ἀντέλεγον
1399 1755 1474 1795 καί
1497 1754 1633 1802 κακῶς
1661 1756 1741 1796 αυ’..

375 1884 425 1931 Ji.
452 1881 746 1929 ἀσφαλεστάτως
766 1884 792 1916 Ρ
886 1887 919 1922 6.
943 1887 1202 1934 καλληγαρίοις
1227 1888 1265 1920 Μ
1387 1887 1438 1931 14.
1462 1888 1515 1936 ἐν]
1541 1890 1582 1923 αἱ
1607 1890 1648 1924 ἐν
1669 1889 1695 1922 Ρ

394 1993 602 2028 Conscensis
626 1995 740 2040 equis,
775 2007 794 2029 e
817 1997 951 2042 palatio
987 1999 1186 2043 egredimur
1208 2005 1245 2032 et
1267 1999 1407 2033 obimus
1434 2000 1588 2041 moenia,
1613 2000 1659 2033 ad
1685 2001 1740 2034 vi·

300 2039 388 2083 giles
414 2041 578 2074 excubias
603 2042 766 2076 custodes
793 2045 996 2078 excitatum.
1032 2051 1134 2079 erant
1173 2057 1293 2080 omnes
1326 2047 1364 2080 in
1387 2047 1496 2080 muris
1521 2052 1558 2080 et
1583 2046 1738 2080 turribus

300 2097 341 2118 ea
369 2093 492 2129 nocte,
519 2094 554 2121 et
578 2094 703 2133 portae
737 2090 915 2123 tutissime
941 2092 1103 2134 clausae,
1134 2103 1199 2139 per
1226 2105 1314 2138 quas
1337 2104 1443 2135 nemo
1468 2098 1532 2126 aut
1557 2094 1652 2126 exire
1677 2099 1739 2127 aut

298 2134 431 2166 intrare
455 2139 586 2179 posset.
625 2135 686 2168 ubi
719 2136 757 2169 in
789 2137 963 2181 Caligaria
997 2141 1161 2173 venimus
1197 2140 1261 2172 sub
1295 2141 1446 2185 primum
1475 2145 1616 2173 cantum
1642 2139 1738 2184 galli,

298 2191 343 2214 ex
368 2182 472 2224 equis
508 2180 757 2216 descendimus
782 2189 891 2228 atque
921 2186 1144 2219 ascendimus
1170 2187 1206 2219 in
1242 2188 1379 2220 turrim.
1407 2186 1459 2219 ibi
1485 2187 1572 2224 foris
1596 2186 1738 2221 crebros

296 2226 544 2272 colloquentes
577 2234 613 2261 et
651 2241 813 2273 magnum
837 2232 1022 2276 strepitum
1054 2233 1265 2273 audivimus,
1290 2233 1529 2278 dixeruntque
1553 2233 1739 2274 custodes,

295 2284 360 2317 per
383 2279 495 2306 totam
518 2281 658 2309 noctem
683 2277 731 2308 ita
756 2277 846 2309 fieri.
884 2279 1018 2323 quippe
1054 2279 1232 2325 quidquid
1257 2281 1574 2313 instrumentorum
1599 2279 1644 2313 ad
1669 2291 1736 2325 op·
1792 2308 1794 2310 ,

294 2320 506 2363 pugnandos
531 2333 647 2355 muros
666 2329 828 2367 paratum
848 2330 935 2365 erat,
955 2326 999 2358 ad
1018 2327 1149 2360 fossam
1165 2327 1445 2371 comportabant.
1472 2327 1615 2360 interim
1631 2327 1738 2359 etiam

294 2367 333 2398 in
359 2367 523 2401 litoribus
549 2369 668 2402 omnia
689 2369 846 2403 fervent:
870 2373 1021 2405 maxima
1037 2373 1192 2407 hostium
1211 2374 1365 2417 navigia,
1380 2375 1542 2407 triremes
1561 2378 1598 2406 et
1609 2378 1737 2418 pontes

293 2414 329 2444 in
348 2419 453 2456 portu
479 2420 674 2448 exstructos
693 2416 879 2450 moenibus
906 2423 943 2451 et
959 2419 1126 2453 litoribus
1153 2420 1396 2453 admoventur.
1436 2420 1527 2453 circa
1544 2418 1735 2453 secundum

293 2459 377 2502 galli
390 2466 530 2494 cantum
543 2462 620 2496 sine
633 2463 706 2496 ullo
721 2464 831 2507 signo,
844 2465 1143 2509 quemadmodum
1157 2468 1265 2501 etiam
1279 2466 1523 2512 superioribus
1538 2464 1666 2499 diebus
1682 2465 1737 2500 fe-

292 2509 742 2553 cerant,oppugnationem
761 2511 919 2555 impense
935 2517 970 2544 et
988 2524 1125 2547 summo
1138 2520 1266 2547 conatu
1285 2514 1736 2558 ordiuntur-praeceperat

291 2558 408 2586 autem
427 2565 573 2595 amerus,
594 2562 634 2590 ut
658 2557 719 2601 qui
734 2557 786 2590 rei
811 2558 972 2591 militaris
998 2560 1114 2593 minus
1135 2562 1242 2606 periti
1269 2566 1388 2594 essent
1406 2565 1442 2593 et
1465 2570 1567 2592 senes
1586 2558 1732 2605 quidam
1788 2586 1791 2591 ,

291 2603 327 2631 et
360 2600 607 2635 adolescentes
649 2614 802 2648 pugnam
841 2606 1123 2646 committerent,
1165 2618 1236 2652 quo
1271 2619 1335 2640 nos
1373 2607 1599 2652 aliquantum
1645 2605 1731 2639 fati·
1778 2606 1784 2612 “

289 2652 423 2688 garent,
450 2653 485 2681 et
508 2648 719 2690 validiores,
746 2650 910 2685 fortiores
943 2658 980 2685 et
1005 2653 1103 2686 bello
1140 2654 1404 2687 exercitatiores
1429 2653 1553 2686 maiori
1578 2651 1729 2685 audacia

290 2697 325 2724 et
349 2692 532 2728 alacritate
554 2707 616 2729 nos
649 2697 937 2742 aggrederentur.
975 2699 1084 2733 fiebat
1112 2700 1179 2741 ita,
1204 2712 1243 2734 ac
1270 2701 1446 2746 proelium
1476 2705 1512 2733 et
1540 2698 1724 2733 conflictus
