1806 3190
518 167 636 207 Lm.
665 167 734 206 iv.
773 161 894 206 CAP.
915 164 989 204 vi.
1369 142 1483 220 377

3 295 5 297 -
48 263 156 310 θεὸν·
177 270 405 320 προσκυνεῖ
431 264 478 308 ὃν
517 260 665 321 ὄνειροι
693 267 778 308 τῶν
805 265 966 317 α’σεβῶν
994 261 1306 307 διαπλάττουσι.
1332 267 1492 318 γελοῖον

49 333 130 388 γὰρ
160 331 322 381 πάντως
348 334 436 374 ἐστι’
464 330 652 383 δοξάζειν
669 331 764 374 τινὰ
797 328 913 384 ἥλιον
937 331 1028 385 φῶς
1042 327 1100 383 μή
1132 328 1283 383 ἔχοντα
1313 331 1386 371 καί
1413 347 1494 384 πη-

0 400 123 454 ννῡγὴν
152 393 253 440 ἄνευ
295 394 451 448 ὕδατος
489 399 562 439 καί
588 399 688 440 νοῦν
714 395 834 450 λόγον
863 394 918 450 μὴ
950 394 1110 450 ἔχοντα.
1167 396 1224 446 ὥς
1247 396 1442 438 α’πόλοιτο
1468 393 1490 436 ὅ

18 466 238 512 ’τοιοῦτος
269 463 379 512 θεός,
464 463 487 505 ὅ
518 465 564 505 δὲ
592 467 692 518 παρ’
736 463 836 517 ἡμῖν
869 467 953 509 τοῖς
989 463 1262 516 Χριστιανοῖς
1299 459 1402 511 θεὸς
1433 456 1494 511 εἷς

8 531 163 575 ὄὲστίν
194 529 216 570 ὃ
256 528 337 584 πρὸ
379 527 545 572 πάντων
584 528 657 570 καί
694 530 766 570 ἑπί
797 526 962 570 πάντων
990 527 1062 569 καί
1088 529 1131 570 ἐν
1158 530 1262 570 πᾶσι
1286 529 1359 570 καί
1384 527 1494 582 ὖπὲρ

30 595 94 638 τὸ
123 597 218 646 πᾶν,
249 597 293 637 ἐν
316 595 447 648 πατρὶ
474 594 548 637 καί
573 593 653 652 υἱῷ
679 596 753 636 καί
780 592 883 651 ἁγίῳ
904 592 1111 646 πνεύματι
1140 593 1435 647 πιστευόμενός
1450 609 1495 635 τε

43 661 120 703 καί
145 659 530 716 προσκυνούμενος,
572 659 706 714 μονιὶς
745 663 790 703 ἐν
832 658 976 714 τριάδι
1018 662 1091 701 καί
1115 659 1234 713 τριὰς
1271 662 1316 702 ἐν
1342 659 1496 713 μονάδι

46 723 295 781 οἷσυγχύτως
333 724 531 782 ἑνουμένη
573 728 648 768 καί
680 724 913 782 οἶμερίστως
959 726 1258 781 διαιρουμένη,
1297 725 1430 779 μονάς
1466 723 1492 781 ἧ

47 791 156 847 miv}
189 794 260 835 καί
294 791 413 846 τριὰς
447 790 789 846 παντοδύναμος,
817 792 956 847 πατὴρ
987 786 1170 846 ἄναρχος
1198 793 1251 832 ου’
1281 790 1410 845 μόνον
1438 792 1497 841 ὥς

0 853 228 912 ιοιῗίχρονος
270 857 378 901 ἀλλὰ
424 857 497 900 καὶ
532 858 589 908 ὥς
632 858 736 901 κατὰ
777 860 911 901 πάντα
951 857 1106 913 τρόπον
1135 859 1342 912 α’ναίτιος,
1369 856 1498 911 μόνος

48 924 161 966 αἰτία
187 926 260 967 καί
284 922 383 980 ῥίζα
412 924 484 966 καί
510 925 617 980 πηγή
649 928 721 980 τῆς
747 928 792 967 ἐν
820 923 898 981 υἱῷ
925 926 997 966 καί
1024 922 1125 982 ἁγίῳ
1148 924 1352 977 πνεύματι
1383 929 1494 967 θεω-

47 990 252 1046 ρουμένης
287 989 510 1045 θεότητος·
586 990 632 1040 ὃς
671 994 791 1039 ἵλεως
823 994 983 1045 γένοιτο
1024 987 1124 1044 ἡμῖν
1153 989 1225 1031 καί
1252 993 1356 1032 πᾶσι
1383 993 1495 1047 Χρι-

45 1061 231 1105 στιανοῖς
260 1057 304 1098 ἐν
323 1059 373 1113 τῇ
401 1056 536 1114 ἡμέρᾳ
566 1060 638 1112 τῆς
667 1059 841 1111 κρίσεως
875 1059 1119 1111 πρεσβείαις
1146 1059 1217 1110 τῆς
1235 1073 1498 1113 πανυπερευ-

47 1123 276 1176 λογημένης
307 1124 524 1178 δεσποίνης
553 1121 670 1178 ἡμῶν
697 1123 900 1165 θεοτόκου
922 1125 995 1165 καί
1021 1123 1302 1179 ἇειπαρθένου
1320 1126 1499 1180 Μαράκς

0 1190 120 1234 5καί
139 1186 312 1232 πάντων
343 1190 424 1230 τῶν
454 1186 595 1243 ἁγίων.
652 1190 778 1244 α’μήν.

156 1257 201 1300 6.
265 1255 337 1302 Τίς
373 1257 475 1308 γοῦν
508 1255 723 1308 ἀντιλογία
760 1254 851 1297 ἐστὶ
887 1257 985 1310 περὶ
1023 1255 1100 1296 τοῦ
1141 1255 1385 1308 πλάσματος
1425 1258 1500 1312 τῆς

43 1317 240 1375 σελήνηςς
274 1316 388 1372 ὅμως
416 1321 498 1368 πᾶς
524 1337 585 1369 τις
616 1319 639 1362 ὅ
673 1323 805 1375 ζητῶν
830 1319 905 1375 τήν
947 1320 1154 1375 ἀλήθειαν
1173 1320 1316 1374 γνώτω
1349 1319 1414 1364 ὅτι
1444 1321 1496 1364 τὰ

0 1415 1 1418 =
41 1385 247 1439 θαύματα
279 1386 333 1426 ου’
358 1389 450 1428 κατ’
489 1387 686 1437 ἐπίδειξιν
711 1390 910 1440 γίνονται,
955 1385 1060 1429 ἀλλὰ
1093 1389 1146 1429 δι’
1174 1387 1385 1444 ω’φὲλειαν
1410 1399 1496 1442 ψυ-

40 1450 162 1508 χικὴν
190 1449 292 1504 ἅμα
311 1454 385 1494 καί
410 1453 664 1507 σωματικήν,
694 1453 750 1502 ὥς
787 1453 858 1495 ε’πί
884 1455 963 1495 τοῦ
989 1457 1195 1509 Χριστοῦ,
1226 1451 1252 1510 ἢ
1282 1453 1353 1496 Oui
1382 1456 1491 1509 χρῆ-

42 1535 121 1571 σιν,
150 1516 207 1568 ὥς
231 1517 301 1561 ἐπὶ
335 1520 411 1560 τοῦ
433 1520 655 1569 ΠΙωῦσέως
688 1522 761 1561 καί
782 1520 918 1574 Ἰησοῦ
943 1523 1017 1562 τοῦ
1054 1523 1193 1575 Ναυῆ.
1264 1519 1369 1563 dua*
1402 1523 1490 1570 πῶς

40 1583 243 1640 ἐνήργησε
271 1584 318 1626 τὸ
340 1587 413 1638 τῆς
434 1584 606 1641 σελήνης
632 1588 823 1628 τοιοῦτον
847 1586 1028 1637 ἐξαίσιον
1053 1589 1205 1640 θαῦμα
1215 1606 1228 1640 ,-
1257 1585 1381 1636 αὐτὸς
1408 1587 1489 1642 γάρ

30 1653 156 1692 ’ἐστιν
181 1649 204 1691 ὅ
233 1649 362 1693 εἰπών
391 1648 456 1693 ὅτι
481 1647 556 1692 οὐκ
584 1647 687 1705 ἦλθε
716 1651 788 1693 διιὶ
820 1653 1048 1705 θαυμάτων
1077 1655 1224 1696 δοῦναι
1252 1653 1323 1695 τὸν
1350 1651 1490 1707 νόμον,

42 1712 150 1760 ἀλλὰ
178 1719 253 1759 καί
291 1716 361 1759 διὰ
402 1716 447 1760 τὸ
489 1715 771 1761 παιδεύεσθαι
806 1719 917 1774 ἡμᾶς
956 1726 1179 1776 κατηγορεῖ
1211 1717 1352 1776 ἡμῶν·
1409 1719 1489 1775 ἐγώ

142 1863 194 1896 ι6.
223 1862 258 1909 6]
284 1860 455 1898 κατάιοῦ
481 1863 651 1911 δευτέρου
667 1864 779 1901 αὐτοῦ
795 1864 908 1912 λόγου
923 1866 960 1908 Ρ,
986 1867 1026 1902 ἐκ
1044 1866 1110 1902 τοῦ
1136 1866 1307 1913 δευτέρου
1333 1866 1492 1913 λόγουΜ

137 1910 350 1957 κλάσματος
376 1911 400 1945 Ρ

47 2041 240 2074 finxerunt.
265 2051 408 2086 prorsus
435 2041 624 2076 ridiculum
650 2043 746 2077 enim
771 2047 837 2085 est,
865 2042 978 2078 solem
995 2044 1098 2086 lucis,
1122 2050 1184 2078 aut
1210 2045 1344 2078 fontem
1369 2056 1495 2090 aquae,

47 2093 111 2122 aut
134 2094 291 2122 mentem
309 2090 457 2122 rationis
495 2096 678 2135 expertem
705 2091 873 2135 cogitare.
925 2102 1033 2137 quare
1058 2098 1183 2137 pereat
1206 2093 1273 2125 iste
1302 2092 1403 2126 deus.
1434 2093 1498 2126 sed

47 2135 331 2170 christianorum
357 2135 445 2169 deus
474 2149 566 2170 unus
593 2143 648 2171 est
671 2144 754 2171 ante
778 2139 898 2172 omnia
914 2145 951 2172 et
974 2144 1058 2184 post
1070 2140 1188 2173 omnia
1213 2146 1249 2173 et
1271 2140 1309 2172 in
1333 2139 1498 2173 omnibus

47 2188 85 2216 et
107 2194 214 2228 supra
239 2183 381 2224 omnia,
420 2184 458 2216 in
483 2190 605 2229 patre,
637 2185 712 2217 filio
739 2190 775 2218 et
805 2185 935 2230 spiritu
970 2192 1093 2220 sancto
1120 2186 1276 2220 creditus
1303 2191 1339 2219 et
1366 2186 1498 2220 adora-

46 2235 123 2270 tus,
157 2230 276 2264 unitas
320 2231 357 2263 in
382 2231 544 2265 trinitate
579 2238 615 2265 et
637 2232 778 2265 trinitas
810 2233 848 2265 in
874 2234 1014 2267 unitate
1041 2235 1199 2267 immixta
1223 2234 1435 2273 coniuncta,
1462 2239 1499 2268 et

47 2277 237 2311 individua
261 2283 437 2323 separata,
464 2279 584 2312 unitas
612 2279 736 2312 eadem
762 2284 799 2313 et
834 2281 972 2314 trinitas
998 2282 1237 2326 omnipotens,
1263 2286 1364 2326 pater
1390 2282 1497 2315 initio

47 2335 188 2366 carens,
211 2335 285 2358 non
309 2325 424 2357 solum
452 2325 550 2371 quod
569 2331 750 2371 tempore,
774 2326 837 2360 sed
863 2328 971 2361 etiam
997 2328 1096 2373 quod
1121 2330 1267 2361 omnino
1293 2339 1397 2361 cansa
1423 2339 1498 2362 non

46 2371 273 2412 continetur,
308 2372 404 2405 sotus
445 2384 549 2406 causa
575 2379 612 2406 et
635 2373 735 2406 radix
770 2379 806 2408 et
834 2374 915 2408 fons
941 2375 1140 2408 divinitatis
1179 2375 1253 2408 filio
1287 2381 1324 2408 et
1355 2376 1499 2420 spiritui

46 2424 168 2452 sancto
194 2419 346 2452 insitae:
371 2419 435 2465 qui
460 2420 564 2453 nobis
590 2426 626 2454 et
649 2422 785 2454 cunctis
805 2421 1016 2456 Christianis
1044 2422 1223 2468 propitiue
1249 2423 1295 2455 sit
1319 2421 1377 2456 die
1404 2422 1499 2456 iudi-

47 2465 151 2507 ciali,
177 2465 392 2511 deprecante
429 2466 723 2501 benedictissima
759 2468 903 2502 domina
928 2475 1069 2510 nostra,
1103 2469 1247 2514 deipara
1283 2474 1321 2503 et
1359 2481 1499 2515 semper

46 2513 184 2557 virgine
205 2513 318 2546 Maria
344 2519 380 2546 et
399 2514 567 2548 omnibus
593 2515 736 2549 sanctis.
785 2526 902 2549 amen.

161 2561 194 2595 6.
245 2560 348 2606 Quae
374 2571 458 2594 vero
494 2562 636 2595 fabulae
673 2563 774 2596 istius
816 2563 860 2596 de
895 2563 979 2596 luna
1005 2562 1180 2595 confictae
1209 2562 1390 2596 insulsitas
1419 2563 1499 2597 est?

47 2617 175 2651 nempe
201 2607 408 2652 quicunque
423 2619 543 2642 verum
565 2610 703 2643 discere
728 2611 839 2656 cupit,
864 2611 965 2650 scito,
990 2610 1161 2642 miracula
1185 2620 1258 2643 nou
1293 2611 1500 2643 ostentandi

47 2664 164 2695 causa,
188 2653 251 2687 sed
278 2660 424 2700 propter
447 2655 598 2690 salutem
626 2658 767 2691 animae
795 2663 832 2691 et
858 2657 1030 2701 corporis,
1056 2662 1095 2690 ut
1119 2668 1138 2689 a
1164 2656 1316 2698 Christo,
1341 2662 1403 2690 aut
1415 2669 1498 2702 pro-

47 2706 128 2745 pter
151 2702 412 2742 necessitatem,
439 2707 477 2735 ut
502 2714 521 2735 a
546 2704 671 2747 Moyse
701 2710 738 2738 et
754 2706 854 2745 Iesu,
879 2704 1000 2737 Nauae
1027 2703 1123 2744 filio,
1150 2703 1239 2737 fleri.
1271 2703 1360 2750 quid
1383 2711 1500 2738 autem

49 2747 118 2780 iste
146 2748 251 2782 lunae
272 2749 365 2783 illud
390 2750 558 2784 eximium
589 2752 801 2786 miraculum
838 2751 979 2784 edidit?
1042 2751 1119 2798 ipse
1165 2752 1260 2785 enim
1297 2750 1404 2794 dicit,
1429 2764 1503 2787 non
