1806 3190
333 138 445 205 324
744 155 975 196 GEORGu
1015 154 1337 196 PHRANTZAE

330 270 476 304 σαντες
505 255 621 311 av'ug't'
638 252 943 309 φρονιμώτερον
972 251 1106 293 αὐτοῦ
1136 245 1358 306 ἄνθρωπον
1376 252 1418 292 ἐν
1435 252 1486 307 τῇ
1510 250 1663 308 Ἰταλίᾳ
1689 253 1766 294 ov’x

330 316 454 374 εἶδον,
500 321 539 362 εἰ
565 318 623 373 μή
663 317 734 360 διὰ
764 319 912 358 κακίαν
953 319 1025 358 καί
1053 314 1236 372 φθόνον·
1291 316 1366 357 οὐκ
1393 312 1478 358 οἶδε
1503 315 1584 371 γὰρ
1609 316 1630 357 ὃ
1661 315 1769 373 φθό-

331 402 399 435 νος
437 387 641 439 προτιμᾶν
683 381 730 424 τὸ
772 384 1000 438 συμφέρον.
1066 378 1115 438 ἦν
1155 383 1202 423 δὲ
1245 379 1293 439 τᾷ
1330 380 1464 423 αἴτιον
1501 379 1652 424 τούτου
1691 383 1768 424 τοῦ

330 452 562 495 Ἀλωϋσιόυ
592 449 747 492 Διέδου
774 449 850 488 τοῦ
873 448 970 489 ποτὲ
994 446 1314 499 μεσιτεύσαντος
1341 448 1408 488 ἳνα
1437 445 1458 488 ὅ
1486 446 1717 502 μακαρίτης
1743 442 1768 488 o‘

331 518 537 569 αὐθέντης
570 530 653 566 μου
697 510 719 554 ὅ
758 510 837 566 κύρ
873 515 1203 565 Κωνσταντῖνος,
1240 510 1442 566 δεσπότης
1479 508 1537 554 αἲν
1576 513 1669 555 τότε
1709 513 1786 570 τᾷς

330 582 462 636 καιρῷ
484 581 528 620 ἑν
551 580 602 636 τῇ
623 577 939 635 Πελοποννήσῳ,
970 576 1077 634 λάβῃ
1107 579 1166 628 εἰς
1193 582 1368 631 γυναῖκα
1398 578 1529 619 αὑτοῦ
1547 576 1620 632 την
1645 580 1768 620 τοῦδε

330 648 405 687 τοῦ
439 644 583 693 δουκὸς
612 646 828 698 θυγατέρα
854 642 957 695 μετὰ
990 641 1159 698 προικὸς
1188 643 1353 695 πολλῆς.
1409 641 1432 683 ὁ
1461 638 1535 686 οὖν
1566 639 1771 698 αὐθέντης

332 725 414 763 μου
454 710 502 750 οὐ
542 711 597 751 δι’
637 706 737 751 ἄλλο
777 710 816 750 εἰ
853 707 911 762 μὴ
950 710 1018 750 ἵνα
1046 711 1212 763 γένηται
1251 707 1379 748 οἱονεί
1406 707 1480 750 καί
1505 706 1628 757 αὐτὸς
1651 707 1725 750 καὶ
1746 706 1770 750 o‘

332 774 455 824 τόπος
483 776 618 816 αὐτοῦ
642 773 749 826 μετὰ
780 776 852 829 τῆς
872 773 1054 823 Ἑνετιάς
1082 775 1151 826 ἓν,
1181 774 1494 825 συνεκατέβαινε
1520 775 1571 831 τῇ
1598 774 1770 832 τοιαύτῃ

333 841 562 898 ἀγχιστεία,
592 842 697 892 ἐμοῦ
724 855 767 881 τε
807 841 879 881 καί
907 834 1043 880 ἄλλων
1087 837 1286 880 πλειόνων
1315 838 1619 882 συναινούντων
1648 841 1790 882 τοῦτο,

334 906 407 948 καί
432 902 748 960 ἀναγκαζόντων
786 904 934 958 σχεδὸν
962 900 1041 958 ἤδη
1083 904 1247 958 ἐγίνετο.
1304 903 1361 953 ὥς
1393 906 1439 947 δὲ
1466 907 1626 959 ἐγένετο
1651 908 1771 960 βασι·

334 971 432 1020 λεύς
463 973 536 1012 καί
579 972 766 1024 α’πῆλθεν
794 972 852 1018 εἰς
880 968 952 1024 την
980 968 1100 1010 πόλιν
1119 1000 1132 1023 ,
1173 971 1292 1010 τοῦτο
1326 968 1532 1012 ἀνοίκειον
1559 967 1632 1026 ἦν·
1686 972 1775 1021 aaz:

333 1038 412 1091 γὰρ
444 1035 644 1078 ἐδύναντο
676 1034 713 1077 οἱ
734 1038 806 1089 τῆς
826 1036 978 1083 πόλεως
998 1029 1199 1087 ἄρχοντες
1226 1036 1298 1075 καί
1325 1034 1599 1088 ἁρχόντισσαι
1627 1037 1776 1092 κυρίαν

296 1117 298 1119 ’
334 1104 406 1144 καί
423 1103 644 1144 δέσποιναν
661 1101 799 1142 αὑτῶν
819 1098 1132 1154 καταδεχθῆναι
1151 1099 1312 1141 Ἑνετοῦ
1339 1103 1569 1155 θυγατέρα,
1585 1104 1657 1144 καί
1677 1100 1776 1151 τούς

333 1166 551 1222 γαμβρούς
583 1167 716 1208 αὐτοῦ
745 1164 842 1214 τούς
858 1161 1009 1213 ἄλλους
1037 1167 1110 1206 καί
1137 1165 1258 1214 υἱούς
1285 1164 1579 1220 συγγάμβρους
1605 1166 1679 1214 καὶ
1701 1183 1776 1221 γυ-

337 1230 639 1287 ναικαδελφοὺς
669 1227 775 1272 εἶναι
801 1233 857 1287 τῷ
888 1233 1070 1285 βασιλεῖ’,
1103 1229 1272 1281 ἐνδόξου
1303 1234 1380 1283 μὲν
1407 1231 1507 1280 ἴσως
1536 1232 1606 1274 καὶ
1632 1231 1776 1284 δουκὸς

338 1293 466 1350 ὄντος,
497 1295 601 1338 ἀλλὰ
633 1294 886 1351 πρόσκαιρος
913 1291 978 1350 ἦν.
1036 1295 1110 1337 καί
1145 1291 1271 1345 αὖθις
1296 1296 1403 1348 μετὰ
1434 1297 1477 1339 td
1507 1300 1683 1351 βασιλέα
1709 1314 1779 1352 γε-

336 1365 486 1405 νέσθαι
533 1361 606 1403 τὸν
651 1364 859 1416 αυ’θὲντην
886 1377 968 1413 μου
1013 1359 1034 1402 ὅ
1080 1359 1180 1412 δούξ
1219 1362 1353 1416 ἐζήτει
1382 1361 1427 1404 τὸ
1457 1368 1644 1417 τοιοῦτο,
1687 1364 1778 1406 ἀλλ’

337 1424 611 1483 ἀπεπέμφθη.
643 1429 777 1469 ἕνεκεν
800 1426 951 1469 τούτου
978 1426 1120 1469 λοιπὸν
1149 1426 1169 1467 ὃ
1192 1423 1411 1482 ἄνθρωπος
1429 1432 1586 1482 ἐγένετο
1614 1429 1778 1483 ἐχθρός·

338 1492 412 1534 καὶ
443 1493 574 1534 πολλὰ
610 1492 791 1541 εἰπόντος
822 1495 897 1533 τοῦ
922 1493 1149 1534 Ἀλωϋσίου
1180 1494 1458 1548 Λαυρεδάνου
1491 1493 1562 1536 καί
1587 1497 1662 1537 τοῦ
1688 1496 1796 1540 Ἀν··.

338 1557 488 1600 τωνίου
518 1559 672 1600 Διέδου
713 1559 785 1598 καί
818 1552 953 1599 ἄλλων
986 1558 1168 1612 πολλῶν,
1198 1560 1271 1599 καί
1309 1559 1613 1610 ἀποδειξάντων
1651 1556 1716 1602 ὅτι
1741 1560 1782 1602 εἰ

302 1622 414 1666 Βκαί
439 1621 462 1679 ἢ
487 1621 606 1672 πόλις
644 1622 816 1680 ἁλωθῇ,
849 1625 1018 1678 πλείστη
1050 1623 1176 1679 ζημία
1213 1627 1436 1678 συμβαίνει
1463 1627 1536 1682 agac*
1561 1627 1614 1683 τῇ
1639 1622 1781 1669 αὐτῶν

437 1766 470 1813 4.
497 1765 563 1801 τοῦ
588 1765 638 1815 π.]
666 1767 806 1803 ἐκείνου
834 1778 873 1801 π,
900 1766 924 1800 Ρ

654 1887 663 1903 Ι

344 1927 428 1950 vero
459 1916 565 1950 etiam
590 1916 675 1956 alii,
713 1917 776 1961 qui
801 1927 881 1949 eum
907 1916 1081 1951 vidissent
1106 1922 1142 1950 et
1166 1928 1245 1951 cum
1270 1928 1313 1952 eo
1339 1918 1509 1953 collocuti
1546 1924 1675 1961 essent,
1697 1932 1782 1966 pru-

346 1964 544 1996 dentiorem
571 1963 754 1996 hominem
778 1963 816 1996 in
849 1964 951 1996 ltalia
979 1965 1088 1997 visum
1116 1976 1192 1998 esse
1229 1965 1417 2009 negabant.
1467 1972 1504 2000 at
1528 1967 1694 2001 obstabat
1714 1979 1782 2001 ne-

346 2011 462 2055 quitia
487 2015 524 2043 et
550 2009 696 2042 invidia.
746 2010 860 2043 nescit
884 2011 978 2043 enim
1004 2011 1137 2044 invidia
1161 2011 1335 2045 honorare
1377 2013 1579 2047 utilitatem.
1604 2015 1703 2047 cuius
1731 2015 1783 2048 rei

347 2069 452 2090 eausa
479 2062 556 2089 erat
575 2057 737 2099 Aloysius
768 2056 913 2097 nied-ns,
947 2058 1009 2102 qui
1035 2058 1121 2090 olim
1148 2065 1343 2100 curaverat,
1377 2065 1418 2093 ut
1441 2060 1568 2094 beatae
1591 2061 1782 2095 memoriae

375 2104 513 2148 rinceps
539 2114 655 2143 meus,
684 2103 939 2136 Constantinus
981 2103 1163 2145 dominus,
1190 2105 1337 2150 despota
1363 2112 1438 2139 tum
1461 2107 1500 2140 in
1524 2108 1783 2152 Peloponnen»,

347 2116 456 2183 Euius
485 2149 585 2183 ducis
611 2150 721 2182 filiam
745 2161 822 2183 cum
857 2162 983 2194 magna
1010 2150 1095 2184 dote
1119 2163 1264 2186 uxorem
1289 2152 1445 2186 duceret.
1494 2155 1659 2199 princeps
1683 2165 1783 2188 meus

349 2208 424 2230 non
452 2197 558 2229 aliam
586 2196 631 2229 ob
657 2207 814 2235 causam,
838 2197 906 2229 nisi
932 2203 972 2230 ut
998 2197 1074 2242 ipse
1104 2204 1140 2232 et
1174 2199 1394 2244 principatus
1421 2211 1500 2234 cum
1526 2202 1673 2234 Venetis
1698 2202 1783 2235 iun-

351 2249 531 2288 gerentur,
558 2254 634 2276 eam
659 2242 863 2276 affinitatem
887 2243 1046 2285 admisit,
1073 2245 1176 2278 nobis
1205 2251 1241 2279 et
1265 2246 1343 2279 aliis
1366 2247 1488 2280 multis
1514 2247 1552 2280 id
1581 2247 1783 2293 approban-

351 2291 448 2323 tibus
474 2296 511 2323 et
537 2295 576 2323 ut
601 2290 702 2322 fieret
726 2300 840 2334 paene
872 2291 1089 2334 cogentibus.
1140 2292 1204 2325 sed
1234 2299 1422 2338 postquam
1450 2293 1644 2339 imperator
1669 2295 1785 2328 factus

353 2343 407 2370 est
436 2342 472 2370 et
497 2337 535 2369 in
559 2336 682 2369 urbem
706 2337 814 2377 venit,
838 2337 1100 2371 incommodum
1125 2344 1210 2372 erat.
1259 2339 1439 2383 quomodo
1465 2342 1558 2374 enim
1582 2341 1657 2374 fieri
1680 2347 1787 2387 pove-

352 2389 417 2424 rat,
451 2389 491 2416 ut
516 2384 667 2416 civitatis
704 2383 768 2416 viri
805 2387 842 2415 et
863 2384 1017 2416 feminae
1053 2386 1231 2430 principes
1263 2386 1440 2419 dominam
1467 2393 1503 2421 et
1528 2389 1786 2432 imperatricem

353 2431 555 2476 reciperent
581 2429 712 2463 Veneti
735 2428 856 2470 filiam,
880 2436 916 2463 et
940 2433 1059 2474 generi
1084 2444 1124 2464 ac
1156 2432 1222 2465 filii
1249 2433 1325 2465 eius
1353 2433 1472 2467 aflines
1502 2434 1726 2479 imperatoris
1749 2440 1788 2468 et

353 2477 479 2510 fratres
503 2477 736 2521 imperatricis
762 2476 900 2510 essent?
925 2477 1219 2523 quandoquidem
1244 2478 1315 2511 dux
1340 2479 1532 2514 honoratus
1555 2481 1674 2514 forsan
1699 2486 1787 2522 erat,

355 2523 418 2556 sed
442 2523 488 2556 ad
510 2529 650 2568 tempus
668 2524 792 2556 lectus.
842 2528 951 2568 atque
976 2523 1047 2556 dux
1069 2525 1215 2570 quidem
1241 2526 1348 2558 etiam
1384 2533 1467 2570 post
1490 2539 1596 2572 quam
1623 2527 1787 2561 dominus

355 2581 454 2603 meus
479 2572 669 2615 imperator
698 2570 811 2602 factus
840 2576 916 2610 est,
955 2569 1039 2603 huic
1075 2572 1254 2605 connubio
1289 2572 1466 2613 instabat,
1491 2573 1555 2606 sed
1580 2574 1787 2619 repudiatus

356 2622 421 2649 est.
482 2622 628 2661 propter
666 2615 758 2648 hanc
793 2628 931 2649 causam
965 2617 1074 2659 igitur
1106 2619 1136 2651 is
1169 2618 1274 2651 nobis
1306 2620 1467 2652 inimicus
1492 2626 1588 2660 erat,
1614 2626 1651 2654 et
1677 2632 1788 2666 quum

354 2663 466 2695 multa
498 2663 847 2706 dixissentAloysius
861 2663 1089 2697 Lauredanus
1114 2671 1150 2698 et
1163 2665 1338 2699 Antonius
1362 2665 1495 2700 Diedus
1522 2673 1558 2701 et
1584 2667 1646 2700 alii
1670 2667 1786 2708 multi,

357 2708 742 2756 demonstrassentque,
783 2711 812 2743 si
836 2709 920 2745 urbs
945 2716 1143 2757 caperetur,
1170 2723 1297 2758 magna
1321 2711 1537 2748 detrimenta
1560 2714 1668 2748 etiam
1689 2714 1785 2761 ipso-
