1806 3190
550 179 650 219 Lm.
680 181 730 218 ιι.
769 178 885 220 CAP.
914 181 1023 220 vul.
1436 163 1536 236 147

104 281 195 329 θεὶς
230 277 342 335 adusi
371 273 484 319 εἶπεν
508 276 656 331 “ἦμεΐς
691 277 928 332 ἠκούσαμεν
967 275 1031 320 ὅτι
1067 279 1239 321 θέλουσι
1279 280 1543 334 παραδοῦναι

105 345 241 401 αότήν
271 350 356 392 τοῖς
384 340 662 391 Καταλάνοις.
719 339 793 384 οὔκ
821 339 896 385 οὖν
923 346 1040 386 δοκεῖ·
1062 360 1135 397 μοι
1163 347 1319 399 πρέπον
1340 341 1447 387 εἶναι
1473 347 1545 387 ἐᾶ-

104 428 178 455 σαι
208 408 317 465 ἡμᾶς
346 407 441 457 τούς
455 424 501 463 γε
529 409 625 457 τούς
653 408 836 463 ἐχθρούς
871 406 989 463 ήμῶν
1018 409 1089 451 καί
1104 409 1286 466 ἐχθρούς
1314 413 1390 452 τοῦ
1423 412 1546 452 cide).-

106 482 193 534 φοῦ
219 492 301 528 μου
343 479 420 517 τοῦ
455 473 640 528 μεγάλου
680 475 824 530 ᾱμηρᾶ
849 475 924 516 καί
951 476 1069 530 ἡμῶν
1106 480 1366 531 παραλαβεῖν
1391 476 1546 525 αὖτούς

0 548 2 555 ’
51 545 92 586 ³5
105 543 151 585 τὸ
181 545 368 585 τοιοῦτον
391 537 566 593 κάστρον
607 538 652 582 τὸ
701 542 746 581 ὲν
776 543 891 597 μέσῳ
933 542 1015 582 τῶν
1044 540 1170 596 ὅρι’ων
1205 542 1323 597 ἡμῶν
1350 541 1544 595 κειζιιενον.

105 607 176 651 διὰ
204 610 328 650 τοῦτο
357 605 601 660 ἀπήλθομεν
629 608 716 646 ἐκεῖ
725 639 737 657 ‚
763 609 837 647 καί
865 605 1135 657 ἐξετάσαντες
1153 605 1197 649 τὸ
1227 610 1399 663 πρᾶγμα
1427 605 1546 663 ἐστή-

102 689 236 727 σαμεν
265 674 332 714 ἵνα
362 670 419 726 μή
457 674 649 725 γένηται·
716 672 789 713 καί
827 669 949 726 ἰδού,
988 672 1044 720 ὦς
1076 675 1266 726 βλέπεις,
1311 670 1548 729 ἧγέρθήμεν

102 738 396 786 ἐπανελθόντες
425 737 577 779 οἴκαδε.
634 737 688 778 ου’
713 735 817 790 μετὰ
847 736 1001 788 πολλὰς
1029 738 1189 793 ἡμέρας
1217 737 1301 792 ἔχω
1319 737 1425 780 κατὰ
1449 740 1548 780 νοῦν

102 804 171 846 ἵνα
200 803 434 845 α’ποστείλω
464 802 565 857 πρὸς
592 801 663 844 τὸν
688 799 872 859 ἀδελφόν
889 819 974 857 μου
1002 802 1072 846 τὸν
1098 806 1230 858 μέγαν
1255 804 1422 859 οἷμηρᾶν
1449 805 1549 845 τοῦ·

21 876 90 912 ²÷1o
105 885 175 912 τον
205 868 255 923 dt}
286 868 358 910 τὸν
388 865 573 923 ἄρχοντα
587 868 624 919 ,’'
667 870 867 911 δεικνύων
904 870 999 922 ἐμὲ,
1020 869 1047 885 “
1063 868 1105 919 ὃς
1145 869 1409 925 δήλοποιήσει
1435 871 1550 926 αὐτῷ

100 937 173 977 καί
199 937 366 976 πλείονα
399 930 504 975 ἄλλα
532 933 561 975 ἃ
589 934 828 986 α’ναμεταξύ
858 936 976 990 ἡμῶν
1004 937 1073 977 δεῖ
1091 936 1390 989 ἐνεργεῖσθαι.”
1417 934 1440 977 ὅ
1473 929 1549 977 οὖν

105 1002 288 1054 Τοῦρκος
319 999 501 1047 οἰκούσας
541 997 713 1048 τούτους
736 999 833 1049 τους
860 1001 1029 1055 λόγους,
1057 999 1120 1042 ἔτι
1150 1003 1195 1042 δὲ
1215 1004 1288 1043 κατ’
1312 1002 1549 1057 φιλοδωρη-

96 1068 190 1114 θείς
218 1067 364 1118 καλῶς,
395 1066 558 1119 ἀπῆλθε
586 1068 762 1119 χαίρων.
795 1066 956 1108 ἐκείνου
976 1069 1014 1108 ‹5’
1037 1066 1392 1122 ἀναχωρήσαντος
1418 1081 1548 1121 προσ-

99 1132 220 1183 έταξέ
261 1147 334 1185 μοι
388 1133 516 1185 λέγων
548 1129 681 1173 “ἰὸόὐ
730 1134 1003 1186 προετοίμαζε
1033 1131 1096 1174 ’τὰ
1140 1131 1242 1187 πρὸς
1284 1135 1432 1187 χρείαν
1480 1132 1551 1185 τῆς

22 1197 253 1242 ’πόὁὸοῦῖἷ
307 1197 379 1239 καί
420 1197 478 1251 μή
508 1198 630 1246 εἰδώς
676 1196 754 1251 ἐγώ
785 1196 832 1238 τὸ
860 1196 1011 1251 τυχόν,
1045 1198 1246 1254 ἀνέφερον
1275 1199 1390 1255 αὕτῷ
1418 1195 1484 1239 ὅτι
1513 1197 1552 1239 εἰ

98 1263 158 1318 μή
191 1261 293 1321 ἔλθῃ
325 1261 347 1303 o‘
373 1265 677 1318 μητροπολίτης
704 1265 809 1305 θεοῦ
837 1264 1123 1317 εὐδοκοῦντος,
1161 1266 1234 1305 καί
1262 1262 1430 1306 ὁόόσωσι
1449 1262 1550 1317 ἡμῖν

99 1329 146 1371 τὸ
177 1328 380 1384 κάστρον,
413 1328 525 1382 xa‘yai
559 1331 827 1385 α’ναρρωσθῶ
852 1329 997 1384 ὀλίγον.
1054 1332 1147 1371 ἀλλ’
1175 1327 1313 1382 ὅμως,
1343 1325 1434 1370 εἶπέ
1461 1344 1546 1381 μοι,

102 1396 371 1449 προετοᾴιαζε
400 1394 532 1436 πάντα
562 1394 614 1436 τά
645 1397 704 1443 εἰς
733 1395 991 1450 ἐκπλήρωσιν
1016 1399 1091 1450 τῆς
1122 1392 1382 1448 προστάξεως
1410 1409 1500 1436 σου.

205 1463 243 1502 8.
307 1463 386 1514 Τῆς
430 1462 475 1502 δὲ
504 1464 765 1514 προθεσμίας
804 1460 1009 1515 ἐλθούσης
1045 1460 1118 1502 καί
1157 1459 1215 1515 μὴ
1246 1460 1441 1509 ἐλθόντος*
1466 1460 1544 1500 τοῦ

34 1529 418 1581 ῃομητροπολίτου,
458 1529 510 1582 τῇ
554 1524 591 1568 α’
618 1526 790 1568 Ἰουνίου
823 1529 900 1568 τοῦ
942 1526 1074 1567 αὐτοῦ
1108 1524 1227 1574 ἔτους
1257 1523 1541 1580 ἁπηρχόμεθα

94 1591 332 1648 κινήσαντες
358 1595 417 1641 είς
444 1590 636 1648 Πάτραν.
692 1594 736 1634 ἐν
773 1591 949 1640 ταύταις
978 1587 1052 1633 οὖν
1080 1598 1172 1640 ταῖς
1212 1591 1390 1646 ἡμέραις
1417 1592 1491 1633 καί
1518 1587 1542 1630 ὅ

188 1719 221 1742 2.
244 1720 311 1756 μοι
334 1705 383 1755 μὴ
414 1710 594 1755 πρέπονΡ
715 1712 746 1744 3.
772 1705 854 1750 τοὺς
879 1703 1038 1755 ἐχθροὺς
1065 1707 1170 1755 ἡμῶν
1200 1719 1256 1740 om
1281 1708 1319 1740 M
1413 1708 1445 1741 5.
1471 1706 1542 1740 κά-

190 1766 302 1801 στρον
327 1756 405 1798 ἤτοι
428 1759 645 1804 πτολίεθρον
669 1754 709 1791 τὸ
736 1757 773 1790 Μ
891 1769 941 1803 ¹7·
969 1754 1250 1802 ἀναρρωστήσω
1272 1755 1297 1787 Ρ
1421 1752 1495 1788 ἀλλ’
1521 1753 1540 1789 ὅ

182 1803 256 1850 μὲν
278 1803 451 1850 ἑτοίμασε
476 1804 512 1836 Μ

97 1903 151 1931 ret
173 1898 326 1943 proinde
362 1909 404 1931 ea
427 1898 536 1940 urbe,
562 1910 652 1932 neve
689 1910 765 1932 eam
792 1898 992 1932 obsideret:
1016 1899 1045 1931 si
1069 1897 1198 1939 minus,
1226 1902 1349 1930 contra
1368 1907 1447 1929 eum
1476 1907 1538 1929 ex-

97 1945 245 1978 ercitum
269 1946 411 1978 missum
447 1947 501 1978 iri.
528 1947 584 1979 cui
616 1947 666 1979 ita
700 1946 885 1991 respondit
917 1946 1083 1991 princeps
1116 1956 1235 1977 meus:
1258 1943 1348 1977 “nos
1373 1943 1539 1976 audiera-

95 2003 191 2032 muS,
225 1993 318 2026 velle
355 2004 413 2026 eos
451 1993 575 2026 urbem
614 1993 793 2026 Catelanis
825 1992 977 2026 tradere.
1012 1993 1082 2024 iam
1119 2003 1243 2037 parum
1270 1990 1358 2023 mihi
1384 2001 1539 2035 aequum

95 2038 254 2080 videtur,
282 2041 357 2084 pati
398 2051 462 2073 nos
490 2052 693 2073 communes
721 2041 834 2074 fratris
872 2040 962 2080 mei,
990 2039 1108 2083 magni
1133 2049 1270 2071 amerae
1288 2062 1296 2078 ‚
1322 2043 1538 2082 nostrosque

96 2085 216 2119 hostes
242 2087 312 2120 tale
338 2093 488 2120 castrum
513 2099 696 2132 occupare,
723 2090 760 2120 in
785 2086 912 2121 mediis
941 2086 1072 2120 fimbus
1098 2086 1226 2119 nostris
1254 2085 1371 2118 situm.
1397 2095 1466 2129 qua
1493 2083 1539 2116 de

96 2143 134 2165 re
160 2132 227 2165 hoc
250 2134 319 2167 iter
342 2135 575 2179 suscepimus,
605 2140 651 2173 et,
678 2145 712 2167 re
735 2135 887 2179 cognita,
919 2134 958 2166 id
988 2134 1172 2177 negotium
1201 2137 1241 2165 ut
1264 2131 1537 2176 impediremus,

95 2179 257 2214 dedimus
283 2192 436 2225 operam.
463 2188 570 2228 atque
595 2181 693 2214 vides
718 2193 802 2222 nos,
827 2181 988 2214 collectis
1013 2181 1183 2220 sarcinis,
1213 2179 1356 2212 domum
1385 2179 1455 2210 iam
1481 2188 1539 2210 re-

95 2226 181 2259 dire.
206 2227 412 2272 propediem
441 2234 561 2262 autem
585 2228 631 2261 ad
667 2229 810 2262 fratrem
845 2240 980 2269 meum,
1007 2239 1173 2272 magnum
1200 2237 1370 2264 amoram,
1394 2223 1539 2258 mittere

95 2274 266 2307 constitui
306 2274 400 2308 hunc
434 2276 607 2308 illustrem
646 2274 778 2308 virum”
813 2276 884 2321 (me
926 2281 1044 2308 autem
1077 2273 1322 2315 ostendebat,)
1358 2270 1538 2315 “qui-illi

95 2321 201 2353 etiam
225 2322 294 2354 alia
317 2323 429 2356 multa
455 2329 631 2367 exponet,
651 2322 695 2355 de
720 2322 848 2368 quibus
872 2323 965 2356 inter
990 2334 1054 2355 nos
1080 2322 1135 2366 agi
1158 2330 1302 2354 necesse
1332 2316 1418 2351 est.''
1442 2317 1539 2350 Tur-

95 2378 157 2408 ca,
182 2366 237 2400 his
265 2367 417 2409 auditis,
452 2376 488 2403 et
519 2370 725 2403 muneribus
754 2369 847 2403 bene
881 2369 1103 2410 cumulatus,
1136 2369 1230 2401 laeto
1255 2366 1374 2399 animo
1401 2363 1536 2397 disces-

93 2415 151 2447 sit.
172 2414 234 2494 {ni
261 2427 371 2460 quum
395 2416 537 2457 abisset,
561 2416 814 2450 Constantinus
838 2417 940 2450 iussit
963 2427 1019 2449 me
1042 2426 1176 2460 parare,
1203 2423 1294 2459 quae
1322 2411 1367 2444 ad
1388 2412 1457 2444 iter
1482 2410 1538 2444 fa-

93 2461 173 2494 cien
203 2473 259 2494 um
282 2465 476 2496 necessaria
505 2470 633 2496 essent.
660 2475 735 2507 ego,
771 2463 858 2508 quid
882 2464 934 2497 rei
969 2468 1062 2497 esset
1086 2463 1252 2505 ignarus,
1279 2457 1460 2503 respondi,
1486 2458 1538 2490 ita

94 2507 191 2549 fore,
217 2509 246 2541 si
271 2508 339 2542 deo
367 2510 578 2554 placuisset,
606 2517 645 2543 ut
668 2522 741 2543 non
764 2511 904 2543 veniret
925 2509 1166 2555 metropolita,
1191 2518 1231 2540 ac
1255 2510 1405 2539 castrum
1431 2504 1536 2538 nobis

92 2554 260 2588 traditum
279 2563 387 2597 esset,
407 2563 442 2590 et
464 2564 651 2604 postquam
672 2558 747 2602 ipse
768 2557 991 2603 aliquantum
1011 2555 1279 2590 convaluissem.
1305 2558 1342 2585 at
1366 2552 1430 2584 ille
1452 2549 1536 2583 “ni-

94 2600 304 2641 hilomhms,
339 2604 467 2649 inquit,
492 2604 537 2638 ad
563 2603 832 2649 perficiendum,
860 2604 959 2651 quod
990 2602 1195 2637 mandatum
1221 2600 1288 2633 tibi
1315 2604 1388 2640 est,
1415 2598 1537 2632 omnia

96 2647 300 2693 praepara.”

189 2696 220 2728 8.
270 2696 335 2729 Ubi
361 2697 460 2729 venit
496 2697 570 2731 dies
598 2697 833 2741 praestituta,
863 2708 930 2730 nec
957 2694 1073 2730 adfuit
1101 2693 1350 2739 metropolita,
1369 2690 1537 2725 Calendis

98 2741 207 2776 Iuniis
233 2743 391 2778 eiusdem
416 2745 500 2779 anni
523 2745 657 2779 Patram
692 2745 874 2780 movimus.
899 2754 962 2789 per
986 2741 1128 2776 eosdem
1149 2740 1224 2775 dies
1251 2740 1358 2774 etiam
1382 2737 1538 2774 Thomas
