1806 3190
304 173 416 228 356
717 190 944 230 G-ssonGn
985 189 1306 229 P11RAN'rzAE

295 290 442 333 Ἀσίαν
471 291 544 330 καί
573 289 810 330 Αἰθιοπίαν
838 284 1034 342 Περσίαν
1067 301 1110 328 τε
1147 287 1220 327 καί
1242 285 1394 328 Ἰνδίαν
1430 286 1504 327 καί
1528 286 1738 341 Ἀραβίαν.

297 355 318 395 ὁ
350 357 396 397 δὲ
427 354 566 409 ἕτερος
594 350 784 407 Ἰωάννης
810 354 883 393 καί
908 350 1038 400 αὐτὸς
1058 351 1312 407 Ἑλληνικῶς,
1342 353 1415 392 καί
1440 349 1570 407 ἐδόθη
1599 354 1658 402 εἰς
1685 352 1736 396 τά

294 420 401 475 μέρη
430 422 501 474 τῆς
534 416 740 472 Εὐρώπης
779 419 852 459 καί
890 416 967 466 τὰς
1004 416 1156 472 νήσους
1185 417 1258 458 καί
1280 415 1383 458 ἔνθα
1411 417 1673 472 εὑρίσκονται
1699 417 1739 461 οἱ

279 479 487 539 Ἴῖλληνες.
516 483 589 524 καί
608 479 738 533 οὕτως
756 481 929 538 διεδόθη
948 481 992 524 τὸ
1017 483 1257 537 εὐαγγέλιον
1276 485 1335 531 εἰς
1355 482 1427 524 τὸν
1441 481 1592 536 κόσμον
1607 483 1740 526 ἅπαν-

295 568 346 591 τα
376 551 428 590 ου’
456 546 560 603 μετά
606 550 702 601 βιάς
744 549 852 590 ου’δὲ
880 549 972 601 μετ’
1011 544 1186 602 ἀνάγκης
1215 548 1313 589 ου’δὲ
1356 547 1460 601 μετὰ
1489 551 1637 604 ξίφους
1669 549 1776 592 καὶὸ

293 614 472 670 σπάθης,
502 615 594 655 ἀλλ’
620 615 664 655 ἑν
698 609 834 670 ἀγάπῃ
874 615 946 654 καί
974 611 1183 667 ἱλαρότητι
1223 614 1296 655 καί
1323 615 1367 655 ἐν
1394 612 1639 656 ταπεινώσει
1670 614 1739 655 εὖ·

291 683 477 733 ρι’σκοντο
508 677 775 728 διδάσκοντες
818 677 856 720 οἱ
887 677 1112 720 ἀπόστολοι
1144 677 1214 719 τὸν
1248 675 1367 732 λόγον
1395 680 1469 720 τοῦ
1496 682 1611 721 θεοῦ.
1667 683 1742 722 καί

291 746 596 800 α’ντὲστραπται
624 742 672 785 τά
703 742 943 799 πράγματα.
1001 746 1081 785 τῶν
1108 743 1185 798 γὰρ
1216 739 1455 786 ἀποστόλων
1473 747 1739 797 τυπτομένων

291 812 631 866 κολαφιζομένων
673 810 1002 864 λοιδορουμένων
1043 811 1306 862 διωκομένων
1344 808 1638 853 ’διδασκόντων
1685 810 1736 852 οὔ

291 878 513 918 κατέπιπτε
543 875 587 917 τὸ
608 873 814 930 κήρυγμα,
843 875 931 916 ἀλλ’
964 875 1098 932 ἡμέρα
1123 877 1176 932 τῇ
1203 874 1338 933 ἡμέρᾳ
1366 876 1640 929 ἐμεγαλύνετο
1668 874 1741 917 καὶ
1755 893 1806 922 10

289 942 489 997 ηὐξάνετο
518 939 562 983 τὸ
598 943 676 982 τοῦ
704 943 895 994 Χριστοῦ
940 943 1193 994 εὐαγγέλιον.
1260 943 1334 981 καί
1358 942 1507 982 ἐκεῖνοι
1538 940 1577 983 οἱ
1607 940 1734 984 πολλὰ

288 1008 590 1058 σπουδάζοντες
620 1008 692 1048 καί
728 1005 858 1046 πολλοὶ
893 1003 1178 1054 κεκοπιακότες
1206 1004 1395 1058 καλύψαι
1436 1006 1479 1048 τὸ
1517 1009 1594 1048 τοῦ
1630 1009 1741 1063 Χρι-

289 1075 391 1116 στοῦ
428 1069 581 1125 ὄνομα,
628 1074 695 1114 ἵνα
739 1070 798 1125 μὴ
843 1070 1077 1127 ὅμολογήσῃ
1122 1071 1252 1112 αυ’τόν
1281 1087 1343 1120 τις
1381 1074 1464 1114 τῶν
1504 1070 1740 1126 ἀνθρώπων

287 1138 404 1193 θεόν,
435 1137 456 1179 ὃ
487 1141 533 1180 δὲ
564 1140 686 1180 τοῦτο
713 1137 931 1192 τολμήσων
959 1138 1129 1194 θανάτῳ
1161 1133 1452 1191 οἷποθανεῖται,
1485 1139 1610 1180 αὐτοὶ
1633 1141 1740 1181 ἐκεῖ·

287 1221 351 1247 νοι
376 1203 702 1259 κατανοήσαντες
730 1202 807 1258 τὴν
836 1199 1043 1257 α’λήθειαν
1059 1205 1314 1258 προσέπεσον
1335 1203 1405 1244 καί
1429 1203 1739 1260 προσεκύνησαν
1756 1200 1806 1245 15

288 1270 324 1312 οἱ
353 1274 430 1323 μὲν
459 1274 546 1318 τοῖς
575 1267 821 1317 ἀποστόλοις
845 1267 896 1310 ὀἱ
929 1270 975 1310 δὲ
1007 1274 1093 1318 τοῖς
1123 1269 1289 1310 ἐκείνων
1319 1268 1535 1324 διαδόχοις
1562 1272 1634 1311 καί
1655 1287 1739 1323 μα·-

288 1339 464 1390 θηταῖς,
495 1336 568 1376 καί
604 1335 854 1376 ἐπίστευσαν
885 1331 948 1375 δ’τι
988 1332 1112 1383 αὐτός
1143 1335 1255 1376 ἐστιν
1279 1333 1301 1374 ὃ
1333 1333 1532 1389 ἀληθινὸς
1559 1334 1684 1388 θεός,
1717 1332 1739 1375 ὅ

291 1400 501 1455 Χριστός,
542 1400 667 1448 αὐτός
697 1401 809 1441 ἐστιν
838 1398 858 1439 ὃ
897 1398 986 1448 υἱὸς
1014 1401 1089 1441 τοῦ
1115 1401 1218 1440 θεοῦ
1244 1402 1321 1441 τοῦ
1352 1401 1522 1453 ζῶντος,
1549 1402 1622 1442 καί
1645 1402 1741 1443 ε’λν-

291 1468 444 1508 ποῦντο
472 1468 546 1508 καί
571 1464 735 1507 ἔκλαιον
763 1463 841 1513 τὰς
868 1462 1164 1519 παρελθούσας
1197 1463 1379 1520 ἡμέρας,
1418 1464 1469 1514 (ἲς
1494 1467 1742 1522 περιεπάτη-

291 1550 371 1575 σαν
401 1534 446 1574 ἒν
474 1534 525 1589 τῇ
553 1533 694 1588 σκοτίᾳ
722 1531 795 1572 καί
833 1533 886 1587 τῇ
914 1532 1045 1588 πλάνῃ
1077 1533 1153 1572 τοῦ
1178 1533 1361 1572 Σατανᾶ.
1420 1529 1441 1572 ὅ
1474 1534 1520 1574 δὲ
1551 1532 1735 1586 πανάγα·
1751 1528 1806 1573 26

290 1602 366 1647 θος
391 1597 490 1646 θεὸς
510 1597 582 1639 καί
612 1593 799 1651 ἐλεήμων
827 1597 991 1646 ἐδέξατο
1021 1598 1163 1638 αὐτῶν
1187 1595 1261 1651 την
1287 1594 1527 1651 μετάνοιαν,
1556 1599 1630 1639 καί
1659 1597 1739 1638 αὕ-

290 1665 390 1714 τοὺς
418 1662 514 1713 τοὺς
543 1661 768 1710 διώκοντας
798 1662 843 1702 τὸ
875 1664 949 1703 τοῦ
968 1664 1159 1718 Χριστοῦ
1185 1658 1314 1716 ὄνομα
1342 1664 1565 1718 κατέστησε
1594 1666 1739 1717 ποιμὲ·

383 1797 416 1819 2.
442 1787 505 1819 καὶ
529 1784 641 1826 ἐδόθη
665 1803 711 1809 --
734 1781 882 1829 νήσους]
911 1786 960 1823 εἰς
987 1783 1051 1827 τὴν
1076 1783 1239 1832 Πάτμον
1268 1786 1332 1819 καὶ
1349 1784 1513 1832 Ἔφεσον
1534 1784 1562 1820 Ρ
1686 1797 1734 1831 ¹7·

382 1832 403 1868 ὁ
432 1831 488 1866 ἄλ.
514 1853 556 1859 -
591 1833 693 1867 ἐστιν
718 1841 775 1864 om
803 1829 828 1862 P

292 1956 413 1995 gatum
438 1955 491 1984 est
513 1950 552 1983 in
574 1949 668 1990 Asia,
692 1948 896 1993 Aethiopia,
924 1949 1056 1990 Persis,
1095 1949 1194 1983 Indis
1230 1954 1266 1983 et
1298 1950 1446 1994 Arabia3
1484 1956 1650 1996 quartus,
1676 1952 1736 1984 Io-

293 1998 450 2038 hannes,
474 1998 557 2031 item
584 2007 718 2042 graece,
746 1995 844 2040 quod
870 1997 906 2028 in
933 2002 1033 2040 parte
1051 1997 1213 2041 Europae
1239 2002 1275 2030 et
1302 2009 1366 2042 per
1392 1998 1528 2039 insulas
1554 2010 1595 2031 ac
1618 1999 1736 2044 regio-

292 2057 357 2078 nes
384 2057 403 2077 a
432 2045 574 2078 Graecis
601 2043 781 2076 habitatas
806 2043 975 2075 innotuit.
1042 2044 1092 2076 ita
1128 2045 1350 2088 evangelium
1388 2057 1451 2090 per
1476 2050 1588 2078 totuin
1613 2045 1736 2079 orbem

292 2098 466 2126 terrarum
489 2102 563 2124 non
586 2091 621 2124 vi
649 2096 686 2123 et
702 2090 896 2129 violentia,
922 2101 987 2122 nec
1013 2100 1098 2123 ense
1126 2096 1160 2123 et
1178 2091 1308 2135 gladio,
1335 2092 1554 2136 divulgatum
1583 2098 1647 2132 est,
1673 2091 1739 2126 sed

293 2140 353 2185 pie
381 2144 418 2172 et
456 2139 550 2171 laete
588 2142 625 2170 et
649 2135 811 2169 modeste
846 2136 1019 2180 apostolis
1052 2137 1200 2170 verbum
1231 2137 1290 2171 dei
1315 2138 1539 2172 docentibus.
1589 2144 1737 2184 eratque

296 2197 413 2219 rerum
438 2186 540 2230 quasi
565 2183 799 2229 repugnantia
827 2183 1014 2227 quaedam.
1041 2196 1121 2216 nam
1139 2196 1249 2229 quum
1276 2185 1430 2230 apostoli
1454 2191 1738 2230 percuterentur,

298 2233 583 2277 flagellarentur,
621 2230 789 2263 conviciis
830 2229 1068 2271 afficerentur,
1095 2232 1358 2275 exagitarentur
1389 2233 1484 2265 inter
1518 2232 1740 2274 docendum,

297 2291 371 2312 non
399 2290 568 2325 oppressa
592 2283 646 2310 est
674 2288 794 2310 eorum
811 2275 987 2314 doctrina,
1016 2278 1080 2310 sed
1106 2278 1143 2310 in
1168 2279 1243 2311 dies
1269 2291 1361 2311 nova
1383 2279 1601 2313 incrementa
1617 2280 1740 2324 capie-

296 2326 360 2359 bat
388 2332 425 2359 et
451 2326 579 2359 laetius
621 2323 864 2357 esslorescebat
901 2324 1123 2367 evangelium
1151 2324 1291 2358 Christi.
1355 2326 1418 2370 qui
1457 2327 1550 2358 enim
1586 2327 1739 2360 multum

298 2384 428 2418 operae
444 2371 702 2417 impendebant
715 2371 936 2415 multumque
953 2371 1191 2411 enitebantur,
1206 2377 1245 2405 ut
1255 2373 1477 2406 occultarent
1492 2384 1622 2407 nomen
1635 2373 1742 2406 Chri-
1796 2379 1799 2382 '

296 2420 352 2460 sti,
379 2431 424 2453 ne
450 2420 530 2465 quis
556 2430 635 2452 eum
658 2417 763 2450 deum
782 2427 858 2450 esse
884 2417 1058 2457 crederet,
1083 2417 1196 2463 (quod
1222 2419 1285 2463 qui
1312 2420 1511 2459 conabitur,
1536 2426 1648 2454 morte
1673 2431 1740 2466 pe-

298 2468 430 2500 riturus
458 2467 525 2513 est)
552 2466 608 2498 illi
628 2465 694 2510 ipsi
714 2465 833 2508 igitur,
851 2465 992 2507 cognita
1015 2466 1176 2505 veritate,
1204 2466 1400 2499 adorarunt
1415 2471 1452 2499 et
1475 2467 1633 2500 venerati
1658 2472 1741 2500 sunt
1794 2468 1796 2470 ’

299 2513 481 2558 apostolos
504 2514 562 2546 vel
587 2522 804 2546 successores
827 2516 863 2543 et
887 2510 1080 2555 discipulos
1105 2523 1236 2553 eorum,
1261 2518 1370 2557 atque
1394 2513 1634 2554 crediderunt,
1660 2524 1741 2547 eum
1794 2536 1799 2545 ,ι

298 2571 419 2593 verum
447 2560 553 2594 deum
582 2565 620 2592 et
644 2558 822 2592 Christum
851 2563 887 2590 et
912 2557 1025 2590 filium
1054 2557 1112 2591 dei
1143 2559 1213 2591 vivi
1242 2570 1338 2600 esse,
1367 2571 1406 2592 ac
1432 2559 1604 2604 lugebant
1626 2566 1663 2594 et
1687 2560 1742 2593 la-
1794 2563 1799 2601 g]

299 2607 555 2641 mentabantur
574 2605 618 2639 de
643 2611 804 2650 tempore
831 2605 1049 2648 praeterite,
1088 2616 1158 2649 quo
1184 2605 1342 2639 tenebris
1369 2612 1405 2639 et
1429 2607 1606 2639 erroribus
1638 2607 1742 2640 Sata-
1790 2603 1799 2641 ἆ

300 2665 365 2686 nae
393 2654 555 2687 obstricti
585 2653 737 2685 fuerant.
796 2650 883 2684 deus
916 2656 1034 2684 autem
1059 2653 1214 2696 optimus
1253 2659 1290 2686 et
1324 2653 1519 2686 misericors
1543 2652 1743 2698 accipiebat
1791 2662 1799 2687 ,ὲ

299 2701 535 2733 mutationem
560 2700 690 2732 mentis
715 2709 858 2738 eorum,
886 2703 922 2731 et
944 2696 1008 2730 hos
1044 2698 1156 2741 ipsos,
1183 2700 1245 2744 qui
1281 2698 1590 2744 persequebantur
1610 2710 1744 2732 nomen

302 2746 446 2789 Christi,
471 2752 631 2793 pastores
657 2752 694 2781 et
717 2746 902 2791 magistros
930 2750 967 2779 et
1000 2745 1145 2780 nuntios
1182 2745 1282 2781 verbi
1307 2752 1343 2781 et
1367 2747 1518 2782 nominis
1554 2746 1608 2781 sui
1632 2746 1744 2781 sacie-
