1806 3190
324 136 431 188 352
737 152 965 192 Gizoncn
1007 149 1326 192 PHRANTZAE

320 251 429 293 ἔστιν
458 249 479 292 ὅ
511 251 615 305 α’νῆρ
644 252 716 292 καί
743 248 767 304 ἦ
798 248 947 290 τούτου
966 249 1093 302 γυνή·
1124 248 1203 301 μία
1235 251 1282 292 δὲ
1302 250 1375 292 καί
1400 255 1550 294 πολλαί
1576 253 1627 294 οὕ
1655 255 1763 296 ταΰ-

320 317 403 359 τόν.
465 319 504 360 εἰ
534 319 569 359 δ’
598 316 698 363 ἴσως
727 317 799 356 καί
826 311 847 354 ὅ
881 314 1110 368 νομοθέτης
1130 315 1324 369 Μωυσῆς
1352 319 1524 359 ἐνέδωκε
1551 325 1636 368 τοῖς
1659 319 1760 362 Ἰου-

318 383 451 431 δαίοις
497 382 609 435 ἔχειν
655 384 726 422 ἕνα
769 382 941 422 ἕκαστον
976 385 1197 432 γυναῖκας,
1237 383 1586 435 συγκαταβάσεως
1627 383 1762 427 ἕνεκεν

317 451 441 490 τοῦτο
473 446 720 502 πεποίηκεν,
749 443 890 500 ὥσπερ
929 445 1001 486 καί
1029 443 1100 487 ἐπὶ
1126 447 1199 499 τῆς
1226 448 1310 487 τῶν
1341 448 1457 498 ζώων
1485 451 1664 503 θυσίας,
1692 450 1762 492 ἵνα

316 515 390 566 τῆς
418 515 575 566 μιαρᾶς
609 511 822 566 α’παλλάξῃ
853 509 1007 558 αὐτούς
1036 513 1115 552 τῶν
1143 509 1304 552 παίδων
1331 517 1603 570 μιαιφονίας·
1658 515 1684 556 o‘
1713 516 1795 563 δὲ5

319 609 334 620 ³
352 578 503 631 Τριστὸς
536 576 684 628 ἐλθών,
724 575 863 631 ὥσπερ
897 577 1077 618 ἐκώλυσε
1106 576 1182 630 τήν
1209 578 1293 618 τῶν
1329 578 1445 629 ζώων
1459 583 1630 634 θυσίαν,
1659 585 1763 635 πλη-

318 645 402 694 ρῶν
434 642 501 685 τὸν
530 646 606 684 τοῦ
635 645 765 696 νόμου
795 641 960 694 σκοπόν,
995 639 1124 690 οὕτως
1159 645 1232 683 καί
1261 642 1335 697 τήν
1365 646 1628 698 πολυγαμίαν
1657 647 1762 688 ἑκώ-

317 713 452 749 λυσεν.
493 707 515 748 ὅ
546 709 592 749 δὲ
610 707 815 760 Manius&
843 708 986 750 οὑτοσί
1013 708 1109 749 α’ντί
1132 708 1412 764 σωφροσύνης
1441 707 1667 754 ἀκολασίαν
1695 727 1761 753 νε-

313 777 563 829 νομοθέτηκε
583 774 639 828 μὴ
684 775 812 827 μόνον
858 775 900 815 ἐν
929 774 987 829 τῷ
1016 772 1189 826 παρόντι
1217 776 1360 825 αἰῶνι,
1399 775 1508 817 ἀλλὰ
1537 776 1607 819 καί
1631 779 1677 820 ἐν
1703 780 1762 834 τῷ

315 841 508 891 μέλλοντι
535 843 668 881 ταῦτα
698 839 810 891 παρὰ
843 842 945 880 θεοῦ
974 843 1422 895 πολλαπλασιασθῆναι
1451 841 1636 892 διδάξας.
1692 845 1806 888 nair

316 904 426 947 ἔστιν
457 907 559 947 ἰδεῖν
588 908 631 947 ἐν
659 904 775 963 αὐτῷ
804 904 850 947 τὸ
869 906 944 946 τοῦ
969 904 1110 957 Δαβίὃ
1137 904 1274 958 λόγιον
1293 904 1337 947 τὸ
1367 908 1524 963 φάσκον
1553 905 1616 950 ὅτι
1643 910 1762 951 ἐπαι-

314 977 444 1013 νεῖται
475 970 496 1013 ὃ
523 971 772 1024 ἁμαρτωλὸς
801 974 845 1012 ἐν
873 976 966 1018 ταῖς
994 971 1242 1022 ἐπιθυμίαις
1269 974 1342 1025 τῆς
1370 975 1513 1027 ψυχῆς
1531 974 1664 1016 αὑτοῦ
1691 975 1764 1016 καί

314 1037 335 1078 ὃ
370 1037 526 1078 damah
556 1037 870 1090 ἑνευλογεῖται,”
895 1038 1104 1077 τουτέστιν
1143 1037 1377 1078 ἐπαινεῖται
1406 1038 1477 1079 καὶ
1505 1039 1762 1092 ἐγκωμιάζει

314 1119 382 1144 ται
417 1102 530 1157 παρὰ
547 1105 631 1144 τῶν
648 1103 956 1143 κολακευόντων
983 1100 1107 1142 αὐτὸν
1128 1103 1199 1143 καί
1220 1101 1493 1155 ἑρεθιζόντων
1521 1105 1658 1146 αιῖτοῦ
1686 1105 1761 1159 τήν

315 1169 462 1210 κακίαν
490 1171 562 1209 καί
578 1170 684 1222 μηδὲ
702 1167 901 1220 αἴσθησιν
929 1169 1003 1220 τῆς
1031 1167 1156 1207 νόσου
1175 1171 1274 1220 γοῦν
1304 1168 1373 1210 διὰ
1394 1173 1555 1222 σιωπῆς
1585 1172 1758 1224 ὲμηοιῆ·
1779 1190 1790 1215 ι

314 1251 388 1276 σαι
418 1234 692 1287 ἀνεχομένων.
750 1231 813 1273 διὸ
849 1234 922 1273 καί
948 1233 1113 1281 α’νίατος
1156 1233 1176 1274 ὁ
1206 1237 1390 1283 τοιοῦτος
1418 1233 1681 1289 εὑρίσκεται·
1713 1235 1758 1277 τό

313 1299 392 1353 γὰρ
430 1302 539 1353 μηδὲ
583 1299 780 1353 αἴσθησιν
821 1300 895 1340 τοῦ
923 1296 1085 1346 πάθους
1122 1297 1220 1351 ἔχον
1262 1302 1492 1354 θεραπείαν
1523 1296 1618 1342 οὔτε
1651 1302 1770 1355 ζητεῖ

316 1362 409 1406 οὔτε
438 1365 667 1418 προσίεται.
739 1367 810 1405 καί
837 1361 960 1405 τοῦτό
992 1366 1080 1405 ἐστι
1109 1364 1155 1405 τὸ
1186 1365 1351 1406 πάντων
1381 1367 1629 1418 δεινότατον,
1663 1363 1764 1407 ὅταν

315 1431 340 1486 ἦ
371 1434 494 1472 κακία
538 1431 755 1483 ἐπαινῆται
798 1431 869 1470 καί
906 1431 1011 1483 μηδὲ
1043 1432 1166 1471 κακία
1195 1427 1304 1472 εἶναι
1331 1433 1573 1486 νομίζηται·
1631 1429 1652 1472 ὅ
1681 1429 1764 1485 γὰρ

317 1498 521 1551 δηλωθείς
559 1495 758 1548 Μωάμεθ
791 1494 838 1535 τά
872 1493 972 1549 πρὸς
999 1496 1126 1549 χάριν
1154 1498 1225 1537 καί
1249 1499 1395 1551 τέρψιν
1419 1500 1502 1538 τῶν
1531 1496 1800 1550 simonium«,

319 1561 552 1605 ἐσπούδασε
584 1561 656 1602 καὶ
683 1564 884 1613 ἐδίδαξεν,
910 1564 978 1602 ἵνα
1025 1561 1094 1602 διὰ
1125 1563 1197 1616 τῆς
1226 1562 1378 1617 ἡδονῆς
1405 1564 1688 1618 ἐπισπάσηται
1717 1559 1765 1604 τὸ

315 1631 475 1683 πλῆθος
504 1631 585 1669 τῶν
610 1627 830 1683 ἀφρόνων.

414 1689 500 1736 Ἔτι
528 1695 626 1748 περί
664 1695 746 1734 τῶν
778 1694 943 1746 α’νδριὸν
969 1693 1095 1745 μόνον
1135 1695 1254 1746 μέλει
1282 1695 1341 1751 τῷ
1367 1695 1454 1750 θεῷ
1481 1692 1538 1743 ὥς
1566 1691 1762 1746 πλασμά-

412 1797 443 1828 3.
467 1799 548 1838 post
575 1800 755 1839 γυναῖκας
777 1793 893 1826 locum
924 1805 1071 1826 vacnum
1100 1795 1124 1827 P
1238 1805 1288 1827 ιι.
1313 1790 1357 1829 τὰ
1385 1815 1425 1822 —-
1454 1794 1562 1843 λόγια
1590 1796 1761 1843 φάσκον·

409 1852 471 1879 τος
495 1841 519 1872 Ρ

319 1940 459 1964 carnem
483 1930 687 1962 coniunctas
714 1930 800 1969 fore,
830 1930 892 1963 sed
917 1930 986 1965 duo
1002 1958 1010 1972 ‚
1036 1931 1071 1965 h.
1100 1944 1131 1965 ε.
1168 1933 1282 1966 virum
1312 1938 1348 1966 et
1371 1944 1517 1966 uxorem
1543 1933 1631 1966 eius.
1658 1934 1760 1978 atqui

316 1985 390 2010 uua
417 1982 453 2009 et
479 1977 615 2009 multae
642 1987 715 2008 non
744 1976 866 2009 eadem
897 1990 949 2011 res
977 1984 1041 2011 est.
1092 1979 1223 2025 quodsi
1251 1980 1390 2023 Moyses
1416 1980 1601 2024 legislator
1627 1981 1759 2025 permi-

318 2024 365 2056 sit
388 2023 552 2063 ludaeis,
599 2029 636 2055 ut
661 2024 792 2066 singuli
818 2025 934 2067 plures
961 2037 1086 2058 uxores
1115 2026 1310 2067 haberent,
1343 2027 1565 2071 indulgentia
1591 2038 1632 2059 ea
1660 2033 1759 2068 erat,

318 2071 408 2103 sicut
433 2071 471 2102 in
493 2069 733 2115 permittendo
764 2071 970 2104 animalium
998 2074 1181 2113 sacrificio,
1207 2085 1278 2119 quo
1304 2085 1363 2106 eos
1388 2073 1633 2118 prohibiturns
1659 2080 1759 2114 erat,

318 2128 364 2150 ne
392 2116 525 2150 liberos
551 2116 765 2149 occiderent.
818 2123 854 2149 at
876 2118 1054 2159 Christus,
1081 2121 1170 2153 sicut
1194 2120 1399 2153 animalium
1426 2121 1594 2153 sacrificia
1622 2121 1756 2161 vetuit,

318 2165 426 2196 finem
453 2164 540 2207 legis
567 2169 720 2203 secutus,
750 2165 798 2196 ita
823 2165 929 2197 etiam
949 2167 1186 2210 polygamiam
1210 2168 1334 2200 vetuit.
1384 2172 1420 2200 at
1443 2166 1662 2200 Mohametes
1688 2167 1758 2200 iste

318 2221 381 2255 pro
412 2211 587 2243 modestia
614 2211 794 2243 licentiam
811 2223 883 2244 non
909 2214 1022 2246 solum
1050 2215 1087 2246 in
1111 2213 1176 2246 hac
1200 2215 1273 2247 vita
1299 2215 1377 2257 lege
1406 2214 1533 2255 sanxit,
1562 2213 1625 2246 sed
1650 2215 1759 2247 etiam

320 2259 356 2289 iu
382 2259 454 2290 vita
480 2257 597 2290 sutura
625 2256 748 2290 eadem
772 2269 792 2289 a
818 2258 886 2291 deo
915 2261 1190 2304 multiplicatum
1219 2261 1261 2293 iri
1297 2260 1430 2293 docuit.
1461 2272 1501 2293 ae
1526 2260 1696 2305 probatur
1719 2262 1758 2294 in

318 2304 382 2336 illo
409 2304 551 2336 navidis
589 2303 721 2336 dictum
751 2303 971 2346 “Iamlamr,
998 2308 1057 2351 qni
1085 2307 1340 2352 cupiditatibus
1377 2308 1487 2340 animi
1512 2307 1695 2350 indulget,
1721 2312 1760 2340 et

317 2350 543 2383 benedicitur
560 2351 693 2383 iniuste
711 2350 855 2394 agenti”
881 2351 915 2384 h.
935 2364 965 2385 e.
997 2353 1163 2387 laudatur
1179 2360 1214 2387 et
1239 2354 1464 2399 praedicatur
1489 2354 1534 2387 ab
1559 2355 1615 2394 iis,
1635 2355 1695 2400 qui
1724 2354 1758 2387 ei

319 2397 509 2430 adulantur
538 2403 574 2430 et
607 2397 817 2442 pravitatem
843 2399 919 2432 eius
949 2400 1132 2434 stimulant
1171 2413 1210 2433 ac
1238 2413 1282 2434 ne
1310 2413 1450 2434 sensum
1475 2400 1620 2446 quidem
1643 2401 1758 2434 morbi

319 2454 338 2476 e
367 2444 512 2477 silentio
539 2445 624 2477 oriri
650 2446 846 2489 patiuntur.
897 2457 1006 2491 quare
1041 2459 1107 2479 nec
1135 2449 1250 2480 sanari
1274 2448 1355 2480 talis
1382 2447 1487 2480 homo
1516 2453 1644 2492 potest.
1694 2447 1758 2492 qui

319 2492 412 2523 enim
441 2492 572 2523 malum
597 2502 642 2524 ne
670 2493 780 2524 sentit
810 2492 966 2537 quidem,
992 2493 1201 2527 medicinam
1231 2506 1296 2527 nec
1321 2495 1473 2539 quaerit,
1501 2506 1568 2527 nec
1591 2493 1755 2527 admittit.

319 2544 428 2582 atque
453 2537 521 2570 hoc
546 2538 705 2571 omnium
732 2540 922 2582 pessimum
950 2546 1013 2579 est,
1041 2542 1069 2573 si
1095 2543 1246 2585 pravitas
1271 2541 1438 2574 laudetur
1465 2546 1501 2574 et
1523 2552 1570 2574 ne
1594 2539 1759 2573 credatur

317 2584 459 2629 quidem
489 2586 641 2628 pravitas
663 2583 756 2618 esse.
783 2591 819 2618 at
846 2586 938 2618 enim
964 2586 1185 2620 Mohametes
1215 2589 1280 2621 iste
1305 2599 1398 2633 quae
1424 2594 1520 2632 grata
1547 2593 1584 2621 et
1603 2586 1759 2620 iucunda

317 2637 435 2664 essent
458 2630 675 2671 hominibus,
699 2632 847 2666 iactavit
873 2638 910 2666 et
938 2632 1071 2674 docuit,
1097 2640 1136 2667 ut
1161 2635 1356 2677 voluptatis
1381 2634 1576 2680 capiendae
1600 2645 1663 2680 spe
1686 2635 1757 2667 im-

315 2678 465 2721 peritam
496 2678 760 2711 multitudinem
788 2680 825 2712 in
848 2685 965 2724 partes
993 2691 1072 2712 suas
1099 2681 1331 2725 pertraheret.
1701 2714 1705 2716 ,

412 2724 548 2757 Deinde
573 2728 690 2758 utrum
716 2725 783 2759 soli
810 2726 876 2760 viri
909 2726 976 2760 deo
1002 2737 1106 2760 curae
1131 2733 1213 2761 sunt
1246 2733 1285 2761 ut
1311 2728 1420 2762 creati
1445 2727 1490 2761 ab
1515 2738 1581 2768 eo,
1609 2726 1755 2760 minime
