1806 3190
308 107 421 169 506
708 130 926 170 lOANle
981 129 1347 171 ANAGNOSTAE

303 229 376 281 τῆς
402 226 635 284 τετάρτηςῆ
667 228 780 282 τρίτη
800 229 1091 283 παρελήλυθεν
1109 224 1215 284 ὥρα,
1240 228 1312 272 καί
1339 226 1363 284 ἧ
1392 229 1511 278 πόλις
1525 231 1612 286 φεῦ
1633 227 1746 286 παρὰ

303 296 387 336 τῶν
413 296 623 348 πολεμίων
646 295 790 336 τοῦτον
818 290 927 335 ἑάλω
954 293 1026 336 τόν
1054 292 1220 349 τρόπον.

416 358 479 414 ιγ’.
527 357 600 409 ζ,Ως
627 362 686 408 είς
715 358 848 400 πολλὰ
873 359 946 408 τὰς
984 362 1188 413 κλίμακας
1215 355 1323 415 ἦσαν
1352 361 1595 413 κομίσαντες
1622 362 1750 416 μέρη,

305 426 377 468 καί
403 429 460 482 πῇ
488 427 564 478 μὲν
592 427 752 480 ἐγγίσαι
780 426 837 483 τῷ
862 426 991 479 τείχει
1025 426 1182 475 ταύτας
1211 423 1286 468 ούκ
1314 425 1438 481 ἔσχον
1466 422 1751 469 (ἐπωθούντων

305 493 390 534 τῶν
417 487 520 544 ἅνω,
550 493 698 545 μέχρις
726 485 779 532 οὖ
806 491 1080 547 κατενάρκησε
1097 490 1270 541 τούτους
1289 491 1310 534 ὅ
1329 491 1470 548 φόβος,
1495 494 1553 549 πῇ
1579 494 1625 535 δὲ
1653 494 1788 535 θέτ’-5

304 573 371 606 τες
398 559 471 598 καί
490 572 604 605 τινας
632 555 932 612 ἀναβεβηκότες
957 559 1174 610 βαθμίδας
1195 555 1270 599 ούκ
1297 556 1476 611 ἴσχυσαν
1496 557 1542 599 τό
1564 559 1751 612 ἐγχείρη-

304 640 366 676 μα
396 624 673 678 συμπερᾶναι,
703 625 825 664 τιναῖν
850 622 1064 676 εὐψυχίαν
1092 622 1198 678 ὑπὲρ
1227 622 1325 672 τούς
1352 620 1504 674 ἄλλους
1533 625 1751 675 κτωμένων

305 690 349 730 ἐν
375 686 547 737 ἐκείνοις
572 693 659 737 τοῖς
687 690 858 743 μέρεσιν
888 685 1171 743 εὑρεθέντων,
1204 689 1277 731 καί
1301 693 1436 740 λίθοις
1463 688 1646 744 χερμάσι
1675 705 1751 730 κα-

303 753 617 808 ταβεβληκότων
645 750 735 806 ἅμα
765 758 858 804 ταῖς
885 757 1051 806 κλιζιιαξι
1078 754 1261 807 τούτους,
1290 756 1364 797 καί
1390 754 1570 804 πολλούς
1598 751 1644 796 τὸ
1673 755 1750 808 ζῆν

304 818 602 874 ε’ζημιωκότων,
621 844 677 852 -
695 819 751 869 ὥς
773 815 848 861 οὖν
866 816 980 862 οὕτω
997 820 1131 861 ταῦτα
1153 822 1326 874 γένοιτο,
1355 821 1427 862 καί
1449 819 1619 874 πλήρεις
1644 812 1751 874 ἦσαν
1769 833 1802 859 ι(

305 885 456 926 ἐκεῖνοι
478 887 622 938 θυμοῦ
652 884 728 941 (μὴ
761 881 836 926 ούκ
864 885 1003 940 όλίγην
1019 883 1190 940 ἡγοῦντο
1217 885 1298 941 γὰρ
1321 884 1519 942 ὀφλήσειν
1548 885 1751 938 αἰσχύνην

305 948 526 1006 ἡττημένοι
555 953 801 1007 φανέντες),
845 949 1161 1006 περιεργότερον
1208 950 1542 1006 στοχασάμενοι,
1570 952 1642 992 καί
1669 951 1753 994 τῶν

307 1017 519 1070 κλιμάκων
546 1018 647 1070 μιάν
675 1016 779 1059 κατὰ
806 1014 850 1059 τὸ
875 1017 1102 1071 Τριγώνιον
1129 1019 1281 1071 θέντες,
1313 1013 1366 1059 οὗ
1382 1019 1510 1072 γωνία
1536 1032 1599 1065 τις
1629 1011 1678 1071 ἦν
1705 1017 1752 1058 ἐκ

303 1081 464 1137 πύργου
483 1115 495 1133 ,
534 1085 607 1125 καί
635 1084 710 1124 οὐκ
737 1079 849 1136 εἶχεν
873 1079 971 1124 ὅθεν
1002 1077 1054 1124 ἄν
1081 1099 1142 1132 τις
1183 1084 1254 1138 τῆς
1281 1083 1435 1125 α’νόδου
1465 1082 1652 1125 κωλύσαι
1679 1081 1752 1123 τὸν

303 1149 594 1200 α’ναβαίνοντα,
627 1147 699 1189 καί
716 1146 843 1202 πολλή
860 1163 925 1196 τις
953 1149 1038 1190 τῶν
1069 1145 1307 1205 ἀνθρώπων
1325 1146 1552 1202 ἐτύγχανεν
1580 1148 1747 1201 ἐρημία,
1771 1150 1803 1192 ιξ

298 1214 454 1269 τόλμην
482 1216 624 1268 ψυχῆς
659 1215 740 1256 τῶν
774 1209 912 1257 ἄλλων
941 1231 1004 1264 τις
1042 1216 1178 1266 πεζῶν
1218 1214 1526 1268 ἐνδειξάμενος,
1553 1214 1597 1257 τό
1632 1214 1752 1268 ξίφος

302 1278 488 1322 ἐνδακὼν
517 1285 601 1329 τοῖς
631 1279 778 1322 όδοῧσι
806 1282 880 1322 καί
900 1279 944 1323 τό
973 1284 1125 1332 θανεῖν,
1145 1282 1437 1338 α’νθῃρημένος
1465 1282 1539 1322 τοῦ
1567 1281 1655 1334 ζῆν,
1683 1279 1752 1321 ἴνα

302 1345 428 1397 μόνον
457 1346 651 1399 ἀνδρείας
680 1345 805 1397 δόξαν
841 1347 1084 1401 κομίσηται,
1112 1349 1208 1399 μεθ’
1232 1343 1331 1401 ὅσης
1363 1342 1415 1388 ἄν
1444 1362 1507 1395 τις
1544 1345 1655 1388 εἴποι
1683 1346 1755 1399 τῆς

223 1417 291 1462 346
302 1411 523 1464 εὐτολμίας
537 1410 583 1454 τὸ
604 1418 739 1466 τεῖχος
754 1410 1019 1467 α’ναβεβηκει,
1035 1415 1136 1468 μηδ’
1149 1412 1390 1455 οὑτινοσοῦν
1403 1413 1656 1463 αἰσθομένου
1670 1413 1752 1452 τῶν

303 1475 433 1530 ἔνδον,
464 1479 535 1520 καί
551 1483 642 1520 κατ’
663 1475 764 1519 ἄλλο
777 1481 905 1533 μέρος
922 1480 1005 1520 ταῖν
1023 1480 1219 1521 ἐναντίων
1237 1478 1471 1534 τηρούντων
1497 1477 1572 1532 τὴν
1592 1471 1748 1518 ἄνοδον.
1762 1498 1804 1524 2<

302 1546 488 1586 Λατῖνον
529 1539 601 1585 οὖν
634 1542 766 1593 εύθύς
804 1545 846 1585 ἐν
875 1548 967 1593 ταῖς
997 1545 1304 1599 πυργοβοίρεσιν
1335 1542 1520 1598 εὑρηκώς
1546 1544 1751 1596 τετρωμέ-

302 1624 372 1651 νον
390 1607 559 1663 ἔναγγος
591 1610 662 1650 καί
680 1607 731 1651 τὰ
753 1611 923 1652 λοίσθια
951 1611 1139 1662 πνέοντα,
1164 1610 1311 1651 τούτου
1339 1608 1414 1664 τὴν
1431 1607 1617 1663 κεφαλὴν
1636 1610 1751 1649 ἐκτε-

301 1674 395 1729 μών
427 1677 511 1718 τῶν
542 1674 833 1729 πολεμούντων
863 1676 923 1726 εἰς
953 1678 1082 1729 μέσον
1114 1678 1360 1731 κατέρριψε,
1404 1676 1542 1728 δείξας
1569 1671 1680 1724 ὅπως
1706 1688 1750 1716 τε

396 1793 430 1828 5.
458 1790 501 1828 οὗ
530 1791 559 1826 Α
678 1805 713 1838 9.
739 1792 828 1828 105?

304 1915 404 1938 more
430 1905 586 1938 statione
614 1905 758 1946 relicta,
800 1905 960 1939 nondum
996 1906 1116 1950 quarti
1145 1905 1217 1937 diei
1250 1903 1337 1938 hora
1362 1904 1596 1951 praeterierat
1621 1903 1745 1945 tertia,

307 1958 343 1986 et
366 1951 452 1984 urbs
478 1951 522 1984 ab
548 1951 725 1993 hostibus,
747 1952 832 1993 heu,
858 1953 926 1985 hoc
950 1954 1089 1997 capitur
1112 1952 1231 1985 modo.

407 2000 455 2033 ιδ.
507 1999 594 2032 Cum
618 1999 656 2032 in
682 2000 794 2032 multa
822 2001 900 2032 loca
926 2000 1037 2032 scalas
1062 1999 1307 2039 adduxissent,
1334 2009 1401 2031 nec
1425 2001 1570 2042 possent
1594 2006 1653 2029 eas
1677 1995 1747 2028 aii-

306 2045 388 2079 cubi
410 2057 512 2078 muro
538 2046 753 2091 appingere,
788 2057 807 2079 e
836 2047 1019 2091 superiore
1050 2052 1151 2092 parte
1182 2046 1322 2090 depulsi
1356 2044 1512 2089 ideoque
1547 2049 1644 2076 metu
1679 2053 1747 2087 op-

306 2094 419 2138 pressi
449 2093 565 2126 labori
589 2094 865 2126 renunciarunt:
900 2093 1032 2127 alicubi
1066 2093 1245 2126 affixarum
1284 2104 1362 2126 cuin
1399 2091 1592 2124 nonnullos
1621 2089 1748 2134 gradus

307 2139 564 2180 ascendissent,
591 2152 664 2174 non
688 2146 838 2185 potuere
862 2140 998 2174 facinus
1023 2141 1206 2175 absolvere
1222 2165 1231 2180 ‚
1269 2138 1484 2185 quibusdam
1507 2138 1585 2170 aliis
1609 2137 1750 2169 animo-

307 2187 460 2220 sioribus
486 2188 524 2220 in
548 2186 620 2219 illis
648 2187 809 2232 partibus
834 2187 1122 2228 consistentibus,
1152 2192 1190 2220 et
1212 2188 1304 2219 saxis
1330 2191 1438 2230 atque
1463 2184 1644 2230 lapidibus
1669 2195 1749 2216 cum

307 2235 393 2279 ipsis
418 2234 521 2267 scalis
548 2233 801 2267 deficientibus
827 2240 864 2267 et
888 2234 1208 2268 internecantibus.
1258 2245 1336 2266 cum
1364 2234 1486 2277 itaque
1513 2231 1602 2264 baec
1627 2242 1750 2263 succe·
1795 2244 1803 2263 ,¹

308 2281 435 2314 derent
469 2286 507 2315 et
544 2282 600 2314 illi
638 2281 778 2314 insania
802 2281 901 2326 pleni
927 2281 1099 2323 furerent,
1123 2293 1196 2314 non
1220 2280 1435 2315 mediocrem
1463 2279 1642 2311 infamiam
1677 2277 1748 2310 sibi
1792 2294 1798 2319 ῃ

309 2329 453 2373 irrogari
489 2329 557 2361 rati
594 2329 624 2361 si
655 2328 837 2362 victoriam
869 2339 942 2362 non
979 2333 1244 2374 reportassent,
1271 2327 1444 2360 curiosius
1479 2326 1748 2369 investigantes,

307 2377 436 2408 sculum
471 2376 641 2419 Trigonio
666 2376 875 2420 applicant,
903 2376 1003 2408 cuius
1033 2375 1182 2420 angulus
1214 2380 1289 2408 erat
1315 2385 1357 2406 ex
1382 2374 1489 2412 turri,
1513 2384 1580 2405 nec
1605 2378 1749 2416 poterat
1791 2377 1795 2379 '

307 2434 472 2455 aseensus
491 2422 669 2466 impediri,
693 2423 913 2467 potissimum
939 2434 1015 2454 cum
1033 2422 1237 2455 hominibus
1266 2432 1408 2466 prorsus
1435 2419 1658 2461 viduaretur3
1682 2430 1748 2463 pe-

308 2469 443 2514 desque
472 2469 641 2502 audacior
665 2470 754 2510 aliis,
777 2481 861 2502 ense
887 2469 1051 2502 dentibus
1076 2475 1208 2513 carpto,
1231 2469 1396 2512 vitaeque
1421 2472 1570 2500 mortem
1594 2477 1749 2514 praepo-
1783 2501 1787 2507 Ι

307 2528 420 2557 nens,
458 2517 574 2549 solum
609 2522 649 2549 ut
683 2516 906 2549 fortitudinis
942 2516 1068 2548 samam
1108 2516 1177 2549 sibi
1202 2520 1443 2560 compararet,
1469 2514 1617 2546 fidentia
1641 2524 1748 2557 qnam
1786 2541 1790 2554 .>

306 2564 458 2596 maxima
481 2575 620 2596 murum
649 2563 834 2604 ascendit,
859 2563 1001 2596 nemine
1031 2563 1067 2595 id
1091 2563 1332 2608 persentiente
1357 2562 1500 2601 civium,
1520 2561 1582 2605 qui
1607 2559 1685 2592 aiiis
1709 2560 1747 2593 in
1784 2558 1785 2561 '

308 2611 396 2643 locis
426 2610 589 2643 hostibus
616 2621 798 2643 ascensum
833 2610 1085 2656 prohibebant.
1145 2611 1174 2642 is
1198 2610 1319 2643 Latini
1353 2609 1448 2642 inter
1480 2607 1750 2652 propugnacula
1784 2610 1787 2611 ’

308 2657 463 2690 confossi
489 2657 697 2691 vulneribus
725 2663 761 2690 et
787 2663 980 2691 extremum
1004 2657 1171 2701 spirantis
1195 2662 1302 2701 caput
1327 2655 1519 2689 abscissum
1543 2655 1637 2687 inter
1661 2664 1750 2686 con-

308 2703 471 2748 fligentes
496 2705 671 2750 proiecit,
704 2704 858 2739 innuens
883 2716 920 2739 se
942 2705 1052 2750 partis
1077 2703 1175 2737 illius
1212 2704 1378 2750 potitum,
1404 2707 1441 2737 et
1468 2701 1618 2735 desertis
1640 2700 1749 2734 muris
