1806 3190
511 210 610 251 LlB.
637 211 670 250 Ι.
711 209 829 251 CAP.
854 211 1034 251 XXXIV;
1414 209 1486 265 97

52 322 139 363 ρεις
171 306 247 356 τὰς
269 291 510 360 Ῥωμαϊκὰς
539 306 610 350 διὰ
641 308 713 362 τῆς
743 308 872 361 ξηρᾶς
899 310 974 349 τοῦ
994 308 1169 360 Ἰσθμοῦ
1185 307 1230 349 ἐκ
1257 308 1330 362 τῆς
1347 306 1492 350 Ἕλλα,

53 373 170 428 δικῆς
197 373 410 427 θαλάττης
437 375 498 421 εἰς
524 371 599 428 τήν
625 370 798 426 δυτικὴν
822 370 1009 427 περάσας
1035 371 1136 424 τούς
1164 374 1341 428 Κρῆτας
1365 373 1491 427 Ἀγα-

53 435 204 494 ρηνούς
246 439 526 493 ε’τροπιόσατο.
598 433 705 479 ἄλλα
740 440 829 487 πῶς
871 440 943 480 καί
979 437 1049 480 διὰ
1093 442 1136 481 τι·
1166 437 1210 481 τὸ
1246 437 1348 480 αὐτὸ
1386 440 1494 492 με’γα

52 503 322 559 στρατήγημα
351 506 423 545 καί
448 502 567 559 ἔργον
602 504 832 557 περιφανὲς
856 506 928 545 καί
954 497 1070 554 ἄξιον
1097 503 1263 559 μνήμης
1290 502 1466 559 ἐγεγόνει
1482 535 1495 557 ,

20 565 131 616 5023ae
159 570 449 623 ἐγκαταλείψω
465 602 479 622 ,
511 567 619 611 α’λλοὶ
659 570 710 626 τῇ
735 568 917 627 ἡμετέρᾳ
945 564 1085 611 ἓνοόσω
1110 571 1297 625 διηγήσει
1317 602 1329 623 ,
1358 568 1418 613 ἔτι
1452 571 1498 611 δὲ

53 634 128 677 καὶ
155 637 241 684 πῶς
269 634 294 690 ἦ
322 636 445 690 νῆσος
471 633 619 690 Κρήτη
642 635 713 675 καί
737 636 817 676 τίνι
842 633 980 693 τρόπῳ
996 632 1079 676 ὑπὸ
1099 635 1171 690 τὴν
1195 639 1389 687 ἐξουσίαν
1417 637 1499 678 τῶν

50 700 292 756 Ἀγαρηνῶν
321 698 442 754 ἔτυχε
482 700 703 754 γενέσθαι,
731 698 805 741 καὶ
829 695 958 750 αὖθις
984 702 1070 749 πῶς
1097 699 1178 741 ὖπό
1204 701 1278 756 τὴν
1306 701 1499 752 ἐξουσίαν

49 763 269 818 Ῥωμαίων
296 767 479 820 ἐγένετο,
512 767 584 807 καί
611 767 698 814 πῶς
733 764 816 806 ὑπὸ
846 765 920 820 τὴν
951 768 1145 816 ἐξουσίαν
1176 768 1251 821 τῆς
1277 768 1498 822 γερουσίας

55 833 140 874 τῶν
157 829 324 873 Ἑνετῶν
353 833 531 873 ἐνέπεσε.
560 833 634 873 καί
659 828 785 872 πάλιν
821 833 895 874 τοῦ
918 830 1118 886 ἡμετέρου
1137 830 1262 888 ἔργου
1287 831 1500 886 ἁψώμεθα

0 908 46 944 ho
57 899 129 939 καί
152 897 221 940 τὸν
249 900 379 939 πλοῦν
403 900 477 951 τῆς
503 899 600 946 νέας
625 894 814 952 ἱστορίας
840 896 1090 952 ποιήσωμεν.

0 979 2 999 k
167 965 236 1018 54.
297 962 348 1005 Οἱ
387 963 460 1005 τοῦ
488 961 722 1017 καταράτου
763 963 970 1016 Μωάμεθ
1006 962 1202 1018 α’πόγονοι
1241 964 1440 1020 διάδοχοί
1462 978 1542 1010 τεΒ

0 1001 2 1035 Ι
57 1031 130 1071 καί
158 1026 407 1084 κληρονόμοι
439 1029 509 1083 τῆς
539 1028 671 1070 αὕτοῦ
710 1024 847 1084 ἀρχῆς
875 1029 1039 1083 πρῶτον
1066 1032 1144 1082 μὲν
1170 1032 1241 1086 τῆς
1267 1033 1353 1073 τῶν
1385 1035 1508 1086 Περ-

57 1097 142 1137 σῶν
185 1095 319 1149 α’ρχῆς
358 1095 568 1149 ἐγκρατεῖς
604 1092 816 1148 γενόμενοι
852 1097 923 1136 καί
947 1096 1122 1150 Μηδίας
1149 1096 1221 1139 καί
1247 1100 1510 1150 Βαβυλῶνος

57 1160 132 1202 καί
154 1156 392 1215 Ἀσσυρίων
419 1158 709 1214 κυριεύσαντες
726 1191 738 1213 ,
776 1155 856 1215 ἤδη
897 1162 943 1202 δὲ
971 1163 1043 1203 καί
1069 1162 1290 1215 Αἰγύπτου
1321 1166 1396 1205 καί
1425 1166 1510 1204 Συ-

20 1228 155 1282 ,5ρίας
179 1225 253 1268 καί
278 1225 504 1281 Ἀσσυρίας
529 1226 601 1266 καί
628 1228 921 1280 Παλαιστίνης
959 1228 1031 1268 καὶ
1061 1225 1230 1283 Λιβύης
1260 1226 1333 1270 καί
1359 1229 1509 1284 Ἀφρι-

59 1294 133 1348 κῆς
159 1293 232 1334 καί
268 1292 424 1345 μέρους
467 1286 543 1331 οὔκ
574 1289 717 1344 ὄλίγου
761 1292 806 1332 ἐκ
833 1293 906 1345 τῆς
932 1290 1162 1348 Εὐρώπης,
1205 1293 1314 1347 μετὰ
1345 1295 1392 1336 δέ
1419 1310 1511 1335 τινα

60 1355 207 1412 καιρὸν
239 1355 434 1412 α’λλήλοις
460 1356 787 1410 στασιάσαντες,
818 1356 844 1412 ἦ
877 1359 954 1410 μιά
988 1354 1096 1413 αὕτη
1122 1357 1280 1414 μεγάλη
1310 1358 1421 1413 ἆρχὴ
1454 1361 1514 1408 εἷς

60 1422 192 1465 πολλοὶ
223 1424 499 1477 διεμερίσθη,
531 1420 605 1462 καί
635 1417 760 1462 ἄλλον
794 1424 871 1475 μὲν
900 1421 1087 1477 α’ρχήγόν
1116 1421 1228 1477 εἶχεν
1255 1422 1282 1480 ἦ
1314 1428 1514 1479 Περσία,

64 1483 189 1530 ἄλλον
218 1489 263 1531 δὲ
294 1486 567 1543 ἦΒαβυλών,
598 1487 739 1541 ἕτερον
764 1489 810 1529 δὲ
831 1486 883 1529 τά
912 1489 986 1542 τῆς
1009 1485 1161 1538 Ἀσίας
1187 1486 1274 1531 ἅνω
1301 1492 1375 1531 καί
1399 1488 1514 1533 κάτω

28 1555 197 1610 ομέρη·
254 1552 328 1596 ἕνα
371 1555 448 1605 μὲν
488 1551 671 1607 α’ρχηγὸν
697 1550 810 1607 εἶχεν
849 1553 875 1608 ἢ
912 1553 1102 1608 Ταρσός,
1133 1556 1269 1610 ἕτερον
1297 1556 1344 1597 δὲ
1372 1555 1398 1611 ἦ
1433 1556 1516 1598 Τύ-

63 1635 157 1676 ρος,
192 1615 316 1662 ἄλλον
354 1617 401 1660 τὸ
436 1616 603 1660 Ἰκόνιον
641 1621 711 1660 καί
750 1622 890 1671 ἕτερον
919 1619 946 1674 ἧ
982 1619 1199 1675 Μελιτηνὴ
1241 1620 1268 1676 ἧ
1298 1619 1352 1663 τὰ
1380 1621 1515 1664 πολλὰ

63 1686 170 1728 καλοὶ
210 1685 283 1728 καί
320 1684 462 1740 ἀγαθὰ
505 1681 688 1741 ῥέουσα·
766 1686 907 1741 ἕτερον
943 1687 990 1728 δὲ
1019 1683 1065 1727 τὸ
1096 1688 1265 1728 Χαλέπι
1294 1683 1407 1742 εἶχεν
1446 1704 1517 1730 και

0 1038 2 1089 ἰ

0 1091 3 1116 ι

0 1125 3 1158 Ι

166 1848 214 1870 ιι.
244 1834 316 1882 34]
343 1834 390 1869 κε’
420 1835 445 1867 Ρ
489 1835 579 1880 περὶ
603 1835 678 1870 τῶν
708 1837 772 1870 τοῦ
804 1833 982 1882 Μωάμεθ
1005 1835 1211 1881 διαδόχων,
1237 1837 1331 1872 ἔνθα
1355 1840 1417 1872 καὶ
1442 1838 1516 1873 ποῦ

162 1883 406 1929 ἐβασίλευσαν
422 1881 469 1914 Μ.
493 1884 580 1928 περὶ
604 1884 680 1919 τῶν
702 1883 766 1917 τοῦ
786 1886 917 1918 Μ-θ
934 1880 1145 1929 ἀπογόνων,
1169 1884 1308 1918 omissis
1336 1885 1428 1921 ἔνθα
1452 1888 1516 1920 καὶ

162 1930 238 1965 ποῦ’
268 1930 534 1975 ἐβασίλευσαν,
564 1928 589 1962 Ρ

68 2063 230 2098 triremes
253 2064 426 2097 Romanas
453 2074 518 2108 per
555 2063 800 2098 continentem
829 2069 954 2098 terram
979 2065 1105 2099 Isthmi
1139 2075 1183 2100 ex
1206 2066 1292 2099 mari
1317 2066 1454 2099 Graeco
1479 2067 1516 2098 in

69 2110 293 2145 occidentale
330 2112 439 2144 traxit
475 2110 641 2155 fuditque
674 2112 853 2155 Agarenos
880 2111 1079 2146 Cretenses.
1116 2112 1298 2158 quomodo
1335 2118 1452 2146 autem
1479 2118 1517 2146 et

69 2168 180 2203 quare
203 2157 271 2190 hoc
290 2157 511 2202 praeclarum
534 2163 750 2201 strategema
770 2164 807 2192 et
821 2165 997 2204 perpetuo
1021 2159 1277 2194 celebrandum
1302 2160 1438 2193 facinus
1450 2171 1515 2204 pa-

69 2210 203 2238 tratum
228 2205 348 2245 fuerit,
373 2216 447 2238 non
468 2206 749 2250 praetermittam
775 2205 913 2247 dicere,
936 2207 1000 2240 sed
1028 2208 1226 2240 narrationi
1251 2213 1392 2240 nostrae
1417 2208 1515 2240 inse-

70 2262 168 2294 ram3
192 2251 278 2284 item
304 2252 601 2293 commemorabo,
627 2262 700 2297 quo
724 2259 828 2297 pacto
853 2253 958 2286 Creta
983 2254 1100 2287 insula
1125 2254 1163 2287 in
1187 2259 1403 2299 potestatem
1422 2255 1517 2298 Aga-

71 2308 238 2331 renorum
261 2299 412 2340 venerit,
438 2304 474 2332 et
499 2310 629 2339 rursus,
659 2311 729 2344 qua
757 2300 893 2333 ratione
919 2300 965 2333 ad
990 2302 1165 2334 Romanos
1191 2301 1349 2342 redierit,
1372 2306 1408 2334 et
1434 2306 1519 2334 tan-

73 2344 153 2378 dem
177 2345 244 2378 sub
255 2345 476 2379 Venetorum
505 2346 677 2379 ditionem
704 2347 937 2380 concesserit:
962 2353 1039 2381 tum
1064 2348 1220 2394 denique
1246 2347 1291 2381 ad
1315 2348 1519 2381 institutum

73 2390 268 2426 redibimus
290 2397 327 2425 et
352 2393 559 2426 recentioris
593 2392 767 2426 historiae
791 2394 891 2426 filum
916 2400 1156 2439 pei-texemus.

166 2438 223 2483 34.
271 2439 485 2473 Exsecrandi
509 2439 722 2473 Mohametis
749 2441 885 2486 posteri
910 2447 946 2475 et
971 2452 1191 2475 successores
1219 2446 1255 2473 et
1277 2440 1418 2485 imperii
1443 2441 1519 2473 eius

74 2482 250 2526 heredes,
280 2487 433 2530 primum
462 2487 644 2520 Persarum
671 2498 778 2531 regno
804 2493 911 2532 atque
928 2489 1071 2530 Media,
1098 2487 1295 2530 Babylonia
1322 2493 1358 2520 et
1380 2488 1521 2531 Assyria

74 2531 200 2574 potiti,
239 2532 370 2566 deinde
406 2533 513 2566 etiam
539 2534 751 2579 Aegyptum,
777 2535 932 2577 Syriam,
956 2537 1143 2579 Assyriam,
1180 2534 1437 2575 Palaestinam,
1462 2535 1523 2567 Li-

75 2576 202 2620 hymn,
227 2579 378 2612 Africam
409 2586 446 2613 et
467 2580 629 2625 Europae
663 2581 822 2625 regiones
848 2593 921 2614 non
947 2594 1078 2627 paucas
1106 2582 1309 2622 consecuti,
1336 2581 1522 2627 aliquanto

76 2630 159 2668 post
181 2625 362 2660 discordes
399 2627 493 2660 inter
518 2638 556 2661 se
583 2628 667 2660 facti
692 2634 795 2669 sunt,
832 2627 928 2661 unde
956 2641 1066 2661 unum
1094 2628 1185 2660 illud
1212 2639 1377 2673 magnum
1403 2629 1523 2672 impe—

77 2670 166 2704 rium
201 2672 239 2705 in
270 2674 383 2706 multa
430 2685 537 2718 regna
575 2674 729 2708 divisum
764 2680 835 2715 est,
861 2680 897 2708 et
921 2675 1030 2707 alium
1060 2675 1259 2720 principem
1285 2675 1398 2708 Persis
1417 2680 1523 2707 nacta

79 2722 154 2758 est,
178 2719 288 2752 alium
311 2719 463 2763 Babylo,
497 2721 607 2754 alium
645 2722 808 2767 superior
834 2727 870 2755 et
908 2722 1062 2754 inferior
1086 2722 1167 2754 Asia
1183 2747 1192 2762 ,
1233 2722 1342 2754 alium
1367 2722 1496 2755 Tarsus
1514 2747 1523 2761 ,

80 2763 190 2797 aliurn
213 2766 347 2809 Tyrus,
381 2767 489 2799 alium
512 2768 698 2808 Iconium,
739 2768 847 2800 alium
884 2768 1006 2802 multis
1041 2768 1104 2800 illa
1130 2773 1167 2801 et
1194 2769 1383 2813 praeclaris
1418 2768 1525 2801 rebus

173 2838 382 2874 Phrantzes.
1319 2855 1333 2886 7
