1806 3190
276 119 306 177 5

317 121 395 176 56·

322 240 450 276 eodem
474 240 687 278 conciliatus
725 244 865 289 Cp011m
902 257 960 280 re-

319 287 374 322 dit
403 290 478 330 162,
503 301 559 323 22.
594 293 850 334 Accam-riuum,
873 293 960 327 Les-

319 336 458 371 biorum
481 338 652 382 principis
667 339 790 379 filiam,
816 351 960 374 uxorem

319 382 419 416 ducit
449 394 520 427 192,
553 395 602 426 19.
637 386 710 430 193,
745 388 794 431 14.
831 387 869 420 in
896 387 959 420 Pe-

316 430 551 474 loponnesum
564 432 743 475 profectus
753 459 762 474 ,
775 444 872 479 spem
892 434 959 467 im-

347 477 412 509 erii
437 477 501 509 alit
536 480 608 523 193,
627 491 666 524 19
686 491 762 525 sqq.
807 480 960 515 Iohanni

354 524 367 554 1
394 522 561 557 adversus
579 525 798 559 Demetrium
824 529 958 561 auxilio

320 570 423 603 venit
455 571 526 615 194,
552 575 606 615 24.
657 584 676 604 a
706 573 831 607 'l'urcis
860 575 959 608 obsi-

319 617 425 662 detur
456 620 530 659 195,
557 620 590 663 4.
651 620 726 652 eius
765 632 853 654 uxor
880 633 958 655 mo-

318 664 408 696 ritur
432 663 480 695 ib.
503 676 535 708 7.
586 665 784 709 Selymbria
808 668 959 702 donatur

316 710 367 743 ib.
379 710 428 743 13.
444 710 538 744 facta
551 722 629 745 cum
644 713 837 748 Theodoro
852 716 958 750 fratre

314 758 577 802 possessionum
621 762 883 804 permutatione
920 763 960 797 in

317 804 604 848 Peloponnesum
633 807 727 841 redit
751 811 826 853 196,
852 810 885 842 3.
913 809 958 842 de

318 850 958 901 ndministrandaPeloponuesoquod

316 898 502 931 consilium
522 899 688 934 habuerit
712 913 791 943 200,
820 914 856 937 21
878 915 955 950 sqq.

317 944 490 978 Isthmum
516 947 654 980 munire
693 949 852 983 instituit
876 961 957 991 201,

322 1003 372 1024 11.
402 1003 482 1034 202,
513 1005 565 1027 11.
598 994 790 1039 imperator
819 1003 958 1030 creatur

315 1040 395 1083 204,
422 1041 459 1073 15
474 1051 552 1085 sqq.
602 1041 801 1076 Phrantzen
826 1044 862 1076 in
875 1043 957 1077 lbe-

316 1086 403 1118 riam
422 1091 458 1119 et
468 1087 727 1131 Trapezuntem
743 1090 855 1124 mittit
869 1102 956 1124 con-

314 1132 461 1166 ciliandi
487 1135 658 1167 connubii
687 1148 791 1169 causa
818 1141 896 1178 206,
910 1149 954 1171 22

313 1191 392 1224 sqq.
442 1180 618 1214 Amuratis
634 1183 666 1214 11
693 1183 836 1217 viduam
864 1196 954 1217 uxo-

314 1237 389 1259 rem
414 1225 545 1260 ducere
571 1229 705 1273 cogitat
727 1231 807 1271 213,
833 1242 852 1264 2
875 1243 953 1277 sqq.

313 1273 389 1306 eius
432 1273 477 1307 de
515 1275 678 1308 ducenda
723 1289 833 1311 uxore
875 1290 956 1312 cum

313 1320 486 1354 Phrantze
506 1322 727 1367 colloquium
744 1336 823 1366 220,
841 1336 850 1357 1
874 1337 952 1371 sqq.

312 1367 493 1401 Iberorum
536 1370 626 1413 regis
671 1370 782 1404 filiam
825 1371 955 1405 ducere

310 1415 500 1448 constituit
522 1426 601 1457 222,
630 1427 648 1461 7
678 1429 756 1463 sqq.
809 1419 885 1452 eius
910 1419 954 1453 de

309 1460 506 1495 Phrantzae
532 1463 653 1496 officiis
681 1471 718 1497 et
744 1476 952 1499 remunera-

308 1508 408 1540 tione
441 1520 520 1542 cum
543 1510 625 1555 ipso
652 1516 689 1544 et
715 1512 850 1545 Notara
876 1513 953 1547 col—

307 1554 434 1600 loquia
460 1557 539 1596 223,
570 1568 673 1602 isqq.
702 1568 781 1603 227,
812 1572 844 1604 7.
872 1562 951 1601 228,

308 1603 340 1635 5.
396 1603 553 1636 Notarae
579 1605 815 1647 arrogantiam
847 1618 952 1650 aegre

305 1647 378 1680 fert
403 1650 495 1691 230,
539 1652 578 1683 16
615 1662 692 1696 sqq.
753 1652 952 1687 Phrantzen

306 1705 471 1738 magnum
497 1695 716 1739 logothetam
751 1705 848 1732 creat
869 1701 949 1741 231,

310 1753 350 1774 10
386 1754 463 1788 sqq.
521 1742 715 1777 Mehemeti
739 1746 773 1778 II
813 1745 949 1781 bellum

304 1791 445 1834 paranti
484 1791 780 1824 antevertendum
827 1799 949 1828 censet

306 1837 455 1877 233,18.
482 1837 663 1882 quomodo
689 1839 837 1873 navibus
864 1852 947 1874 usus

307 1882 354 1914 sit
376 1883 423 1915 ad
439 1883 561 1916 urbem
586 1883 849 1919 defendendam
866 1889 946 1929 238,

305 1930 329 1961 6
357 1940 435 1974 sqq.
491 1936 634 1964 strenue
670 1939 804 1976 pugnat
829 1939 866 1968 et
891 1946 945 1967 res

303 1973 454 2009 bellicas
488 1977 639 2011 adornat
673 1983 752 2023 246,
786 1991 840 2013 21.
866 1984 947 2022 255,

305 2023 361 2054 23.
388 2025 468 2058 286.
496 2028 528 2059 3.
591 2036 678 2069 quas
704 2027 853 2071 singulis
879 2039 945 2061 na-

303 2068 405 2102 vibus
424 2072 597 2104 stationes
610 2072 778 2107 tribuerit
803 2075 883 2115 255,
900 2087 945 2109 2ο

304 2126 380 2161 sqq.
441 2119 703 2162 supellectilem
739 2131 870 2154 sacram
906 2122 944 2155 in

302 2173 431 2196 numos
466 2165 594 2208 redigit
628 2166 708 2207 256,
743 2169 775 2201 8.
835 2179 943 2202 naves

302 2208 460 2244 hostium
484 2211 651 2246 incendio
687 2213 808 2248 delere
832 2226 942 2248 cona-

302 2261 360 2288 tur
386 2259 466 2297 256,
497 2263 547 2293 16.
573 2260 707 2293 'Furcas
733 2267 854 2306 captos
882 2275 942 2295 oc-

301 2303 392 2336 cidit
417 2306 495 2345 258,
521 2309 554 2341 6.
591 2307 750 2341 Venetos
776 2314 812 2341 et
835 2309 942 2354 Ligu-

303 2361 357 2382 res
389 2350 599 2386 dissidentes
634 2354 754 2398 placat
798 2354 846 2389 ib.
891 2358 940 2391 18.

302 2407 382 2440 erga
418 2399 510 2431 cives
544 2399 719 2445 benignus
755 2404 845 2443 260,
890 2405 941 2436 18.

301 2454 421 2477 eorum
449 2447 610 2479 convicia
650 2448 846 2492 patientius
873 2449 942 2483 fert

300 2492 379 2529 261,
401 2504 419 2535 7
447 2503 525 2537 sqq.
559 2494 794 2528 Iustinianum
819 2496 940 2530 Vene-

298 2541 374 2569 tum
394 2543 429 2571 et
442 2539 611 2573 Notaram
621 2540 838 2576 dissidentes
852 2554 939 2576 con-

298 2582 400 2616 ciliat
417 2586 496 2626 263,
523 2597 554 2619 2.
605 2589 772 2622 solennes
792 2601 940 2635 pompas

298 2641 364 2673 per
389 2632 511 2666 urbem
536 2633 665 2667 haberi
690 2636 792 2669 iubet
821 2647 902 2682 271,
918 2650 941 2682 9

299 2687 377 2721 sqq.
427 2680 561 2714 milites
599 2681 644 2715 ad
677 2683 844 2716 virtutem
879 2694 940 2716 co-

299 2722 460 2758 hortatur
473 2726 524 2760 ib.
555 2730 604 2765 18.
633 2729 710 2763 eius
735 2729 885 2765 cadaver
897 2730 939 2763 ab

911 145 1071 187 INDEX

1070 246 1234 282 hostibus
1258 251 1436 294 repertum
1455 259 1535 294 290,
1567 253 1606 286 18
1625 263 1704 298 sqq.

1070 293 1287 328 connubium
1312 306 1332 327 a
1350 295 1534 331 Francisco
1560 298 1703 332 Fuscari

1071 342 1156 375 olim
1178 341 1246 374 sibi
1262 341 1420 375 oblatum
1433 343 1627 389 imperator
1652 345 1707 378 sa-

1071 394 1147 426 ctus
1172 388 1336 433 repudiat
1365 391 1443 432 324,
1471 390 1490 423 3
1517 404 1530 426 s
1560 403 1594 437 q.
1629 403 1707 425 cuin

1069 447 1161 481 papa
1195 436 1268 479 agit
1306 435 1350 468 de
1378 436 1574 471 adiuvama
1605 437 1708 483 cpoli

1070 484 1149 522 325,
1176 483 1286 528 3sqq.
1313 484 1390 516 eius
1415 484 1452 516 in
1477 483 1705 518 defendenda

1068 529 1156 562 urbe
1181 529 1342 563 alacritas
1368 529 1511 563 laudata
1539 531 1662 578 327,4.

1068 575 1270 608 Demetrius
1287 576 1479 609 Andronici
1494 577 1560 610 111⁸.
1577 588 1635 623 27,
1650 591 1682 624 9.

1068 622 1268 656 Demetrius
1301 623 1450 668 despota
1481 624 1659 659 Manuelis
1674 625 1705 659 11

1067 669 1092 703 f.
1127 681 1199 710 121,
1230 673 1279 714 14.
1319 671 1423 715 Cpoli
1449 672 1706 716 profugus-18,

1070 728 1091 750 2
1115 727 1192 761 sqq.
1218 717 1312 750 Zoen
1341 728 1485 750 uxorem
1513 717 1611 753 ducit
1632 720 1706 759 161,

1069 775 1088 806 7
1115 774 1193 808 sqq.
1244 775 1320 796 cum
1344 764 1558 798 IohanneVI
1587 766 1707 800 conoi-

1069 808 1118 843 lio
1149 811 1355 844 Florentino
1380 812 1528 845 interest
1562 813 1635 858 176,
1653 823 1708 847 21.

1068 856 1167 890 Pauli
1193 858 1317 891 Asanis
1343 857 1452 890 filiam
1469 858 1568 892 ducit
1600 860 1708 904 193‚6

1067 914 1143 949 sqq.
1172 903 1215 936 de
1241 905 1483 949 permutandis
1508 906 1706 950 possessio-

1068 950 1173 984 nibus
1198 950 1385 985 Phrantzes
1425 964 1443 985 a
1472 952 1706 986 Constantino

1068 996 1219 1042 despota
1244 997 1290 1030 ad
1315 1010 1395 1032 eum.
1420 999 1557 1042 legatus
1574 998 1622 1032 ib.
1649 1002 1706 1034 23.

1067 1044 1316 1090 imperatorem
1343 1045 1441 1079 bello
1469 1045 1611 1079 lacessit
1631 1046 1707 1091 194,

1072 1101 1111 1124 12
1138 1103 1215 1137 sqq.
1265 1092 1452 1137 imperium
1477 1094 1708 1138 affectat204,

1066 1139 1099 1172 8.
1146 1139 1183 1171 in
1210 1138 1493 1184 Peloponnesum
1527 1139 1604 1173 abit
1626 1142 1708 1181 206,

1065 1196 1100 1229 9.
1153 1184 1318 1220 adversus
1345 1186 1530 1219 Albanitas
1555 1186 1706 1220 seditio-

1068 1243 1125 1264 sos
1150 1233 1284 1266 Amatis
1319 1244 1387 1278 ope
1423 1234 1540 1267 utitur
1571 1234 1651 1274 383,
1685 1245 1703 1278 7

1065 1289 1143 1323 sqq.
1175 1290 1205 1313 11
1227 1291 1304 1325 sqq.
1370 1280 1605 1314 aMehemete
1631 1280 1704 1312 fili-

1066 1335 1121 1358 am
1138 1325 1175 1359 in
1191 1327 1449 1370 matrimonium
1461 1328 1608 1372 'rogatur
1624 1327 1707 1366 388,

1072 1374 1111 1408 16
1137 1384 1213 1418 sqq.
1240 1385 1259 1406 a
1284 1373 1422 1408 Thoma
1442 1374 1551 1408 fratre
1577 1372 1704 1407 debel-

1065 1418 1161 1452 latur
1189 1421 1270 1465 389,
1301 1432 1310 1453 1
1334 1431 1411 1466 sqq.
1444 1423 1481 1455 13
1508 1433 1586 1467 sqq.
1627 1421 1704 1454 eius

1065 1465 1143 1499 loca
1170 1466 1347 1512 quaedam
1373 1467 1517 1501 obsidet
1540 1471 1619 1513 390,
1647 1479 1703 1502 21.

1066 1523 1086 1545 a
1113 1514 1237 1546 Turcis
1261 1514 1449 1548 adiuvatur
1467 1515 1547 1558 393,
1577 1517 1615 1549 15
1627 1525 1704 1560 sqq.

1063 1570 1185 1604 pacem
1221 1571 1299 1594 cum
1335 1561 1443 1594 fratre
1472 1561 1705 1606 compositam

1062 1617 1146 1640 mox
1168 1606 1280 1640 violat
1307 1610 1386 1652 394,
1416 1621 1434 1652 7
1462 1620 1540 1654 sqq.
1573 1608 1611 1640 in
1636 1618 1703 1652 po-

1064 1657 1226 1687 testatem
1236 1654 1448 1688 Mehemetis
1460 1656 1492 1687 11
1507 1655 1606 1688 venit
1618 1665 1705 1687 con-

1064 1700 1255 1746 iugemque
1269 1702 1299 1734 ei
1313 1701 1374 1734 dat
1389 1702 1495 1734 filiam
1505 1704 1583 1747 395,
1595 1703 1702 1747 3sqq.

1064 1757 1155 1792 quae
1181 1749 1257 1780 loca
1283 1749 1316 1780 ei
1342 1748 1388 1780 ad
1413 1749 1544 1781 victum
1571 1747 1702 1781 donata

1062 1795 1134 1826 sint
1159 1806 1177 1826 a
1205 1794 1407 1828 Mehemete
1423 1796 1456 1828 11
1476 1797 1555 1840 413,
1571 1805 1612 1826 22
1625 1805 1702 1840 sqq.

1061 1840 1149 1873 loeis
1163 1842 1336 1874 restitutis
1364 1842 1581 1886 stipendium
1608 1841 1702 1874 acci-

1059 1888 1114 1931 pit
1141 1888 1219 1932 427,
1247 1901 1289 1923 22
1315 1899 1391 1934 sqq.
1419 1889 1527 1934 ipsius
1555 1894 1592 1922 et
1615 1899 1703 1922 con-

1061 1934 1151 1978 iugis
1177 1946 1271 1967 mors
1298 1936 1378 1979 449,
1405 1936 1424 1968 5
1450 1946 1527 1981 sqq.

1059 1980 1215 2013 Eudocia
1231 1982 1420 2015 Michaelis
1434 1980 1552 2015 vulf.
1571 1980 1671 2026 24,3.

1060 2028 1232 2072 Georgius
1260 2030 1340 2073 390,
1374 2029 1430 2061 23.
1457 2031 1536 2073 391,
1561 2030 1594 2062 8.
1621 2028 1701 2060 Ma-

1058 2074 1174 2107 nuelis
1191 2075 1366 2108 Buchalae
1381 2086 1481 2108 socer
1503 2075 1584 2119 406,
1603 2076 1654 2107 16.
1681 2085 1701 2107 e

1058 2121 1253 2155 Turcarum
1266 2122 1426 2155 custodia
1437 2121 1576 2165 aufugit
1587 2121 1633 2153 ib.
1645 2132 1699 2165 sq.

1059 2168 1251 2212 Gregorius
1276 2169 1476 2209 Mamonas,
1503 2168 1699 2200 Phrantzae

1057 2214 1159 2256 levir,
1185 2227 1263 2248 cum
1297 2216 1393 2248 omni
1420 2215 1558 2248 familia
1585 2214 1699 2259 pesti-

1056 2261 1170 2295 lentia
1194 2262 1389 2295 exstinctus
1421 2273 1494 2306 109,
1516 2273 1553 2295 10
1567 2272 1646 2306 sqq.

1056 2308 1219 2350 Helena,
1253 2309 1413 2342 Thomae
1450 2308 1624 2352 despotae
1651 2306 1698 2346 f.,

1056 2355 1410 2398 Lazaro,Serviorum
1434 2354 1600 2400 principi,
1627 2364 1697 2386 nu—

1056 2402 1113 2435 bit
1138 2413 1218 2443 202,
1249 2405 1298 2436 13.
1348 2403 1511 2435 Venetiis
1537 2412 1609 2442 eos,
1635 2400 1699 2445 qui

1055 2461 1092 2482 se
1119 2449 1224 2482 honis
1264 2449 1461 2493 privarunt,
1486 2452 1693 2482 accusatura

1056 2497 1136 2538 446,
1167 2496 1209 2528 23
1239 2507 1317 2541 sqq.

1053 2543 1192 2575 Helena
1218 2543 1338 2586 regina
1381 2542 1415 2574 S.
1442 2541 1588 2574 Maurae
1614 2551 1694 2573 mo—

1054 2588 1167 2622 nacha
1191 2590 1342 2622 moritur
1367 2590 1446 2633 450,
1479 2590 1515 2621 15
1542 2598 1618 2632 sqq.

1054 2635 1203 2675 Helena,
1230 2636 1423 2669 Phrantzae
1451 2645 1549 2675 uxor,
1574 2633 1694 2667 Alexii

1053 2682 1322 2727 Examplaconis
1350 2682 1372 2714 f.
1404 2693 1479 2725 191,
1509 2693 1540 2725 7.
1590 2685 1693 2724 capta

1053 2730 1223 2775 primario
1249 2729 1428 2776 praefecto
1454 2727 1587 2762 stabuli
1612 2727 1691 2761 Me-
