1806 3190
580 144 681 184 Lm.
709 144 743 184 1.
781 142 900 185 CAP.
921 142 1061 184 xxxi.
1449 142 1486 196 9
1500 142 1519 177 ι

83 243 187 298 μετὰ
218 244 297 286 τοῦ
325 239 450 298 ῥηγός
477 240 730 285 Λαὸισλᾶου
759 239 889 283 αὐτόν
921 242 1119 297 ἐνίκησεν.
1189 239 1328 282 ἐλθών
1352 241 1400 282 δὲ
1426 256 1529 282 κατα

83 313 165 354 τῶν
191 307 374 363 Βλάχων
397 310 470 350 καί
493 306 816 361 Μολδοβλάχων
842 303 967 349 οῦδὲν
991 306 1289 363 κατώρθωσεν,
1317 304 1423 349 ἀλλὰ
1461 308 1534 360 ζη-

83 375 290 430 μιωμένος
318 377 644 429 έπανέστρεψεν.
702 370 791 415 εἶτα
818 369 948 422 αὖθις
978 374 1172 428 δεύτερον
1199 375 1418 429 στρατεύει
1443 375 1534 415 κατ’

85 442 246 484 αὕταῖν·
290 443 363 483 καί
390 440 428 483 οἱ
455 439 619 494 Βλάχοι
643 440 704 489 εἰς
728 437 930 493 βοήθειαν
957 438 1059 489 τούς
1078 439 1321 495 Ου’γγάρους
1347 453 1534 493 προσκαα

46 503 322 561 Uscanam,
363 509 437 549 καί
472 509 654 559 πολέμου
690 507 913 560 γενομένου
944 503 970 560 ἦ
1008 506 1099 561 νίκη
1122 509 1182 564 τῷ
1209 506 1354 563 ᾰμηρᾷ
1382 501 1434 559 ἧν
1461 505 1535 548 καὶ

82 569 209 616 adron·
241 572 621 628 διεσκορπίσθησαν
648 572 890 627 φεύγοντες.
918 581 924 587 ’
957 573 1127 626 λέγουσι
1156 573 1203 614 δὲ
1229 568 1290 614 ὅτι
1319 572 1532 614 ἀπέθανον

79 640 126 682 ἐν
151 641 285 695 ἐκείνῃ
326 641 380 695 τῇ
405 637 523 698 μα’χῃ
551 641 691 680 πλεῖον
723 635 752 692 ἢ
781 637 1004 693 τριάκοντα
1027 636 1219 693 χιλιάδες
1245 632 1463 692 Οὕγγαροί
1483 652 1529 679 τε

77 703 152 747 καὶ
175 703 366 759 Βλάχοι,
413 706 592 759 Τοῦρκοι
621 705 669 746 δὲ
697 702 806 746 πάνυ
847 703 998 758 ὀλίγοι.
1069 705 1145 759 τῆς
1176 705 1362 753 παλαιᾶς
1385 703 1530 745 Ἠπεί-

76 785 155 826 ρου
184 773 312 827 μέρος
338 773 411 813 καί
435 769 660 820 Αἰτωλούς
685 771 759 813 καί
785 770 1014 824 Ἀκαρνούς
1045 770 1193 824 Θῆβάν
1219 785 1266 812 τε
1298 768 1372 811 καί
1395 769 1528 825 Ἀθῆ-

34 851 66 880 -ο
77 853 153 880 ναν
181 839 254 881 και·
268 838 407 880 πᾶσαν
427 838 639 879 Βοιωτίαν
673 836 747 879 καί
764 837 944 879 Ἑλλάδα
971 838 1046 879 καί
1067 835 1281 880 Ἰωάννινα
1315 834 1526 877 &dommac

73 905 264 962 πολέμῳ,
305 903 379 946 καί
412 902 486 945 τὸν
522 904 595 958 τῆς
623 902 891 959 Καισαρείας
923 904 1092 960 ἆμηριῖν
1132 902 1193 953 εἷς
1217 905 1336 951 τέλος
1362 901 1525 955 ἐνίκησε

71 970 146 1014 καὶ
184 971 366 1028 ἠφάνισε
377 1002 390 1023 ,
427 968 501 1011 καί
538 967 682 1025 κύριος
719 970 792 1024 τῆς
832 971 969 1026 α’ρχῆς
1008 965 1108 1025 ὅλης
1143 966 1302 1023 ἐκείνης
1341 968 1522 1022 ἐγένετο,

70 1032 199 1093 ἄχρις
233 1038 281 1078 δέ
311 1052 436 1079 τινων
467 1038 701 1093 φρουρίων,
740 1035 770 1078 ἃ
796 1032 905 1092 ἦσαν
929 1035 976 1079 ἔν
1001 1051 1111 1079 τισιν
1138 1031 1281 1091 ὄρεσιν
1306 1032 1522 1088 ὑψηλοτά-

69 1119 178 1157 τοις,
217 1101 321 1145 ἔνθα
353 1097 484 1158 ἦλθεν
512 1099 534 1143 ὅ
565 1101 826 1159 Καραμάνος
861 1101 934 1144 καί
960 1100 1038 1158 τὴν
1064 1102 1301 1157 κατοίκησιν
1327 1101 1520 1143 ἐποιεῖτο.

34 1167 143 1212 ὄκαὶ
173 1166 197 1210 ὅ
225 1167 304 1226 ρὴξ
323 1168 569 1218 Λαδισλάος
597 1167 879 1226 ὅμοφωνὴσας
898 1166 1004 1223 μετὰ
1033 1170 1156 1212 τινῶν
1182 1165 1336 1223 ἐτέρων
1364 1165 1521 1209 αὐθέν-

66 1251 151 1279 των
178 1236 452 1290 Χριστιανῶν
492 1233 660 1289 ἔρχεται
702 1229 832 1285 αὖθις
867 1233 973 1278 κατὰ
1010 1237 1091 1278 τοῦ
1112 1231 1407 1289 Ἀμουρὰτου,
1447 1234 1521 1274 καί

67 1304 147 1352 ἓως
173 1302 248 1356 τῆς
275 1299 435 1350 πόλεως
461 1300 635 1357 Βάρνης
659 1300 902 1358 φθάσαντες
930 1303 1003 1344 καί
1026 1302 1117 1344 ἐκεῖ
1134 1297 1243 1355 μετα
1271 1300 1347 1342 τοῦ
1374 1298 1520 1353 α’μηρᾶ

65 1369 402 1422 συναντηθέντες,
431 1367 475 1418 ἐξ
502 1367 712 1422 ἀγνωσίας
739 1367 762 1409 ὅ
791 1366 1040 1417 Λαὸισλάος
1069 1364 1249 1423 ἐσφάλη·
1307 1363 1380 1407 καί
1405 1363 1520 1420 νική-

64 1449 142 1483 σας
171 1432 304 1476 αιῖτὸν
330 1434 542 1476 α’πέκτεινε
571 1435 646 1475 καί
668 1433 741 1477 τὸν
769 1433 949 1489 στρατὸν
966 1435 1095 1476 αὐτοῦ
1121 1433 1399 1475 διεσκέδασεν.
1429 1427 1519 1473 εἶτα

28 1500 283 1556 Οὲξέρχεται
308 1498 411 1542 κατα
455 1501 530 1555 τῆς
570 1495 659 1542 ἄνω
690 1502 895 1555 ΖΙἸυσίας,
932 1499 1007 1542 καί
1033 1498 1140 1542 πολὺ
1165 1501 1292 1555 μέρος
1319 1495 1518 1547 ὑποτελὲς

154 1616 189 1662 4.
213 1614 397 1664 οὗγκρους
420 1617 464 1659 Ρ,
487 1617 551 1663 qui
579 1617 630 1651 sic
650 1616 787 1663 ubique
862 1629 896 1663 ς.
921 1618 1089 1657 πλείονες
1111 1616 1137 1652 Ρ
1237 1626 1288 1649 ιο.
1311 1613 1456 1651 Ἰωνίαν
1479 1615 1518 1648 Μ

159 1711 211 1744 ¹3.
239 1709 349 1755 ἄχρις
371 1711 431 1758 δὲ]
457 1707 552 1754 πλὴν
579 1711 603 1744 P
758 1711 799 1746 ἐν
823 1713 941 1751 τίνοις
963 1710 1002 1744 Μ
1162 1674 1293 1750 ξὲῑῖῖιις
1314 1708 1468 1755 ὑψηλοῖς
1494 1709 1519 1742 Ρ

156 1759 208 1792 ι5.
234 1758 434 1797 λασδιλάος
457 1759 495 1792 Μ
520 1763 557 1791 et
578 1757 613 1790 h.
634 1756 657 1789 l.
677 1762 715 1791 et
742 1769 826 1792 mox
945 1761 998 1794 16·
1021 1758 1086 1792 καὶ
1108 1768 1166 1791 om
1191 1758 1217 1791 Ρ
1324 1769 1378 1805 ¹7·
1408 1755 1516 1804 φθά-

152 1814 285 1844 σαντες
307 1817 366 1839 οιιι
390 1806 415 1841 Ρ
529 1803 746 1852 ἄμουράτου
771 1806 796 1841 Ρ

59 1924 132 1945 sam
158 1918 474 1959 oppugnatamque
500 1914 537 1947 in
557 1918 771 1959 potestatem
789 1925 889 1947 suam
913 1913 1062 1958 redegit.
1085 1913 1194 1946 etiam
1214 1912 1419 1957 Hungariae
1431 1923 1515 1958 par-

57 1963 130 1992 tem
155 1971 229 1993 non
255 1961 418 2004 exiguam
442 1960 511 1993 sibi
532 1961 688 1995 subiecit
709 1973 761 2002 ac,
786 1962 926 2007 proelio
950 1972 1030 1994 cum
1052 1960 1216 1993 Ladislao
1234 1971 1316 2005 rege
1336 1966 1517 2002 conserto,

56 2007 221 2051 superior
234 2006 409 2041 discessit.
426 2013 549 2041 contra
570 2008 720 2041 Blachos
737 2014 857 2041 autem
872 2013 909 2041 et
922 2007 1195 2041 Moldoblachos
1213 2008 1410 2053 profectus,
1434 2019 1516 2040 suc-

56 2064 156 2086 cessu
183 2055 316 2095 caruit,
350 2055 420 2089 imo
447 2067 523 2088 cum
551 2055 768 2088 detrimento
794 2055 948 2089 recessit.
975 2066 1058 2088 mox
1081 2056 1212 2088 iterum
1236 2056 1276 2088 in
1306 2066 1365 2087 eos
1391 2054 1514 2087 ducit:

54 2100 177 2133 machi
204 2101 389 2146 ilungaros
422 2102 585 2135 subsidio
622 2108 772 2145 vocant3
796 2102 861 2136 sed
886 2109 1049 2136 conserta
1082 2113 1205 2144 manu,
1228 2103 1379 2137 victoria
1403 2113 1514 2146 penes

54 2158 209 2180 mineram
235 2154 309 2189 est,
339 2149 392 2181 illi
418 2149 583 2194 dissipati
620 2149 775 2194 fugiunt.
814 2150 854 2183 in
880 2161 921 2183 ea
947 2161 1063 2195 pugna
1089 2150 1338 2194 Hungarorum
1362 2148 1514 2181 Blacho-

53 2206 205 2240 rumque
230 2196 385 2240 amplius
411 2197 556 2240 triginta
580 2197 714 2238 millia,
732 2197 926 2230 Turcarum
952 2208 1152 2242 perpaucos
1177 2196 1350 2230 cecidisse
1376 2195 1513 2229 dicunt.

0 2281 2 2283 Ι
52 2247 191 2286 partem
231 2243 364 2276 veteris
392 2243 509 2288 Epiri,
557 2244 726 2284 Aetolos,
766 2245 988 2285 Acarnanes,
1031 2243 1198 2285 Thebas,
1233 2243 1392 2277 Athenas
1408 2268 1418 2284 ,
1456 2248 1514 2276 to-

0 2296 2 2326 ?
51 2294 126 2321 tam
151 2289 354 2331 Boeotiam,
387 2290 578 2324 Helladem
617 2297 654 2324 et
690 2290 891 2324 Iohannina
930 2291 1029 2324 bello
1065 2291 1134 2324 sibi
1158 2291 1376 2330 vindicavit,
1401 2295 1511 2334 atque

51 2346 207 2368 amet-:nn
233 2336 428 2370 Caesareae
466 2344 687 2383 postremum
729 2337 864 2372 devicit
901 2338 1131 2383 delevitque,
1168 2344 1205 2371 et
1241 2338 1407 2370 universa
1445 2337 1511 2370 illa

51 2381 192 2415 ditione
220 2384 356 2428 potitus
383 2389 453 2424 est,
490 2386 649 2430 exceptis
683 2385 899 2430 quibusdam
929 2386 1110 2427 castellis,
1146 2396 1241 2431 quae
1267 2384 1305 2417 in
1327 2383 1510 2418 montibus

50 2430 234 2463 altissimis
259 2436 382 2472 erant,
411 2430 474 2464 ubi
500 2432 620 2465 sedem
651 2433 893 2466 collocaverat
921 2433 1151 2467 Can-amanus.
1214 2431 1400 2464 Ladislaus
1428 2442 1508 2472 rex,

50 2488 129 2509 cum
152 2477 232 2510 aliis
257 2478 474 2522 quibusdam
515 2479 743 2524 principibus
772 2479 984 2514 Christianis
1026 2479 1172 2513 foedere
1197 2479 1360 2520 iunctus,
1387 2478 1508 2512 denuo

48 2530 172 2557 contra
196 2524 399 2558 Amuratem
425 2527 584 2571 suscepit
608 2527 876 2572 expeditionem
891 2554 901 2569 ‚
927 2527 991 2560 sed
1019 2528 1176 2560 Vni-nam
1206 2537 1321 2571 usque
1345 2537 1508 2570 progres-

48 2581 107 2603 sus
143 2570 268 2616 ibique
304 2583 384 2605 cum
421 2584 539 2606 amera
586 2574 807 2620 proeliatus,
848 2575 1030 2619 imperitia
1059 2574 1108 2606 rei
1136 2573 1289 2605 bellicae
1314 2584 1386 2606 rem
1412 2573 1508 2606 male

46 2617 165 2660 gessit.
200 2630 354 2665 namque
390 2621 584 2654 certamine
610 2621 771 2655 devictus
809 2627 844 2655 et
869 2623 1027 2662 occisus,
1054 2620 1302 2665 exercitusque
1331 2622 1408 2654 eius
1449 2621 1506 2653 di-

47 2675 190 2707 spersus
220 2671 284 2699 est.
307 2667 376 2699 iam
393 2667 579 2701 Amurates
596 2669 748 2712 Mysiam
773 2670 994 2714 superiorem
1020 2669 1209 2711 ingressus,
1236 2679 1399 2711 magnam
1427 2668 1506 2700 eius

45 2716 182 2755 partem
211 2711 280 2746 sibi
304 2714 511 2761 vectigalem
536 2715 636 2758 fecit,
661 2727 701 2750 ac
718 2717 869 2750 Bosnam
895 2722 931 2749 et
949 2715 1143 2750 [ohannem
1158 2715 1371 2750 Castriotam
1394 2715 1504 2761 plane
