1806 3190
301 152 415 220 426
716 170 944 212 Gnoson
987 169 1308 211 PnRAerAE

298 268 461 326 Ἀμάρη
490 272 548 318 εἰς
577 268 776 324 βοήθειαν
803 271 876 322 τῆς
897 267 1070 323 χώρας,
1101 268 1124 310 ὅ
1151 268 1396 323 προμηθεύς
1429 273 1506 312 τοῦ
1532 271 1614 313 τῶν
1633 271 1741 314 Ἑνε-

297 338 377 378 τῶν
403 335 549 378 στόλου
593 332 620 387 r)
663 335 875 388 ναύαρχος
913 350 981 375 και
1016 332 1214 377 οῬαοὺλ
1247 334 1431 390 ,Μιχαὴλ
1458 335 1479 377 ὄ
1500 333 1610 391 Ἴσης
1636 337 1738 389 μετὰ

296 402 458 443 πολλων
501 401 576 441 καί
609 402 747 441 καλῶν
787 402 1055 454 στρατιωτῶν
1086 398 1257 456 ἔτρεψεν
1293 397 1424 443 αυτόν
1452 402 1560 444 κατὰ
1586 418 1740 458 κρατος

297 469 370 507 καί
397 463 574 512 πολλοὺς
603 466 687 506 τῶν
708 465 841 508 αὕτοῦ
865 461 1120 508 ἀπέκτεινον.
1150 467 1224 506 καί
1248 465 1465 516 διώξαντες
1486 470 1609 522 μέχρι
1639 471 1739 509 πολ-

297 534 372 573 λοῦ
402 530 476 572 οὐκ
504 529 652 573 εἴασαν
680 530 834 582 αὐτούς
855 529 1039 587 φεύγειν,
1065 532 1123 581 ὥς
1151 530 1249 581 ἔθος
1275 532 1389 588 παρὰ
1412 539 1500 582 τοῖς
1527 535 1776 588 ἐμπείροιςό

298 601 565 649 πολεμισταῖς
595 597 684 638 ἐστι’
708 603 797 646 τοῖς
836 597 1056 646 ἀντιδίκοις
1084 604 1240 650 ποιεῖν,
1279 599 1352 639 καί
1389 599 1515 640 αὐτοὶ
1540 598 1616 640 οὔκ
1644 599 1739 641 ἑπέ-

296 672 484 715 στρεψαν
515 663 589 711 εἰς1
615 662 741 703 τόπον
778 664 919 704 αὕτῶν
959 662 1029 704 τὸν
1057 663 1165 704 ἴδιον
1205 664 1277 705 καί
1313 662 1382 704 τὸν
1405 662 1569 718 στόλον,
1595 663 1740 714 καθώς

295 728 604 781 έσυμβούλευον
631 726 780 777 αὐτοὺς
808 727 845 770 οἱ
875 730 951 770 τοῦ
970 729 1099 770 τόπου
1121 728 1322 781 Ῥωμαῖοι
1339 724 1538 783 ἄρχοντες
1558 730 1632 771 καὶ
1656 732 1740 780 πᾶς

295 793 318 834 ὅ
345 794 497 847 δῆμος·
537 792 628 834 ἀλλ’
655 792 676 835 ὃ
705 792 853 848 ῥηθεις
882 792 1096 871 ναύαρχος
1122 789 1212 848 η’τοι
1241 793 1261 835 ὃ
1291 796 1369 836 τοῦ
1396 795 1546 837 στόλου
1575 810 1738 851 προμη-
1795 784 1806 847 ¹¹

295 858 399 908 θεὸς
440 857 498 912 μή
540 859 868 912 καταδεξάμενος
906 859 980 915 τήν
1017 858 1171 902 τούτων
1196 861 1377 915 βουλήν,
1419 861 1508 903 ἀλλ’
1535 863 1737 916 έπαρθεις
1754 871 1806 916 ιφ

295 926 344 981 τῇ
373 923 461 981 νίκῃ
492 941 559 966 και
588 926 766 979 σκληρὸς
786 941 935 981 φανεις
963 942 1031 966 και
1059 928 1220 977 μᾶλλον
1235 925 1341 968 κατὰ
1367 927 1495 969 τῶνδε
1520 929 1602 969 τῶν
1628 943 1739 979 συμ-

295 990 580 1044 βουλευόντων
616 991 733 1032 αυτιῦ
759 990 1055 1046 ἁπειλητικούς
1088 989 1234 1045 λόγους
1261 994 1412 1046 ἐξέχεε,
1441 994 1570 1046 λέγων
1598 1008 1665 1034 οτι
1694 994 1738 1044 ἐξ

297 1053 522 1110 ἀνανδρίας
559 1058 631 1098 καί
670 1058 866 1105 α’πιστίας
897 1056 1035 1099 αὐτῶν
1062 1072 1139 1098 ουκ
1168 1058 1448 1100 ακολουθουσι
1476 1059 1653 1099 κάκεῖνοι
1680 1058 1740 1115 τῷ

297 1124 380 1163 τῶν
409 1123 575 1176 ἐχθρῶν
593 1123 776 1179 διωγιιιῦ.
804 1138 873 1163 και
904 1120 1038 1172 ου’τως
1056 1125 1194 1165 θέλων
1211 1140 1281 1165 και
1308 1122 1366 1178 μὴ
1395 1126 1531 1166 θέλων
1557 1123 1579 1166 ὅ
1607 1140 1738 1178 στρα-

297 1187 365 1236 τὸς
391 1189 558 1237 ἐδίωξεν
576 1204 676 1236 τους
703 1188 916 1238 ἐναντίους
944 1204 1044 1243 αχρι
1072 1191 1301 1242 Σαβελλιόυ
1328 1206 1398 1231 και
1413 1191 1601 1232 ἐπέκεινα
1634 1205 1737 1244 προς
1753 1188 1806 1243 15

295 1251 370 1308 τήν
405 1253 604 1295 ἐπάνοδον
652 1249 743 1308 ἦτοι
791 1254 998 1308 αναβασιν
1043 1256 1121 1296 τοῦ
1154 1254 1504 1310 -ιδηροκα’στρου.
1574 1256 1596 1296 ὃ
1637 1258 1739 1310 γοῦν

297 1317 482 1373 Ἀμάρης
514 1318 616 1361 ἰδών
643 1319 714 1362 τὸν
736 1320 890 1362 τούτων
919 1319 1101 1375 διωγμὸν
1130 1316 1304 1375 ἄκαιρον
1331 1322 1404 1362 καί
1429 1317 1641 1376 ἄπρακτον
1666 1323 1740 1363 καί

294 1400 486 1437 ατακτον,
514 1385 774 1439 καταλείψας
802 1384 860 1434 εἴς
892 1402 1006 1435 τινας
1033 1387 1183 1436 τόπους
1207 1383 1459 1441 α’νθριόπους
1487 1388 1739 1441 κρατοῦντας
1797 1395 1805 1436 1

294 1449 394 1499 τούς
423 1451 576 1500 τόπους
605 1447 701 1492 ὅθεν
729 1447 905 1505 ημελλον
933 1453 1130 1504 διελθεῖν,
1161 1449 1234 1494 εἶτ’
1261 1453 1518 1507 ἐπιστρέψας
1539 1454 1626 1493 κατ’
1659 1448 1738 1493 αὖ·
1801 1451 1805 1495 ἶ

294 1519 378 1558 τῶν
408 1514 561 1572 ἔτρεψε
590 1519 664 1558 καί
691 1519 860 1568 ἐδίωξεν
895 1513 1076 1571 αὐτους,
1114 1534 1184 1559 και
1214 1518 1386 1574 φθάσας
1418 1518 1554 1560 ανεῖλε
1579 1517 1650 1560 τὸν
1679 1499 1806 1578 &1224

296 1584 471 1636 ρημένον
498 1584 719 1638 προμηθέα
756 1584 832 1624 τοῦ
871 1580 1023 1624 στόλου
1052 1585 1122 1625 έπί
1157 1582 1332 1638 ἡμιόνου
1362 1584 1640 1637 καθεζόμενον
1667 1600 1736 1625 και
1798 1596 1806 1626 ὲ

295 1650 567 1691 ὁυσεπέκεινα
597 1647 784 1690 πεσόντα.
815 1650 888 1690 καί
915 1645 1066 1698 ἄλλους
1095 1650 1258 1691 α’νεῖλον
1278 1647 1511 1699 ἆλώσαντες
1542 1650 1735 1701 πολλούς,

297 1716 368 1757 καί
395 1713 517 1758 αὐτὸν
545 1714 594 1770 δὴ
625 1713 697 1758 τὸν
717 1714 869 1758 Ῥαούλ
897 1714 1076 1770 Μιχαὴλ
1104 1712 1342 1765 ἅλιόσαντες
1361 1718 1436 1758 τοῦ
1462 1718 1590 1758 ἵππου
1619 1716 1738 1758 ἐκπε-

390 1870 422 1892 2.
449 1853 597 1906 Μιχαὴλ
621 1858 640 1895 ὅ
666 1871 723 1893 om
749 1860 773 1893 Ρ
875 1862 926 1896 15.
949 1863 1062 1908 μέχρι
1083 1862 1319 1908 Σαραβαλίου
1343 1861 1369 1895 Ρ

1800 1708 1806 1725 1

298 1995 356 2016 sus
382 1987 448 2023 est,
471 1988 508 2017 et
531 1985 608 2017 eius
636 1983 732 2016 urbis
763 1995 882 2028 agrum
908 1985 1066 2018 vastavit.
1099 1986 1261 2019 Amarem
1287 1985 1332 2018 ad
1349 1984 1534 2018 ferendum
1560 1983 1734 2018 auxilium
1796 1939 1806 2067 i

297 2035 537 2064 accurrentem
561 2031 760 2075 praefectus
797 2032 917 2065 classis
942 2032 1104 2066 Venetae
1141 2039 1177 2066 et
1199 2032 1354 2066 Michael
1391 2032 1520 2065 Raulus
1553 2032 1625 2064 Ises
1653 2043 1735 2064 cum

297 2089 423 2122 magna
443 2083 481 2111 et
503 2077 652 2122 probata
675 2090 781 2111 manu
806 2084 950 2112 strenue
976 2079 1162 2124 fugarunt,
1185 2080 1307 2113 multis
1332 2090 1351 2111 e
1375 2078 1550 2112 militibus
1574 2079 1648 2111 eius
1673 2089 1734 2111 oc-
1796 2072 1806 2111 l

296 2126 395 2167 cisis;
428 2136 469 2157 ac
504 2124 565 2158 diu
593 2136 652 2159 eos
686 2132 953 2170 persequentes,
991 2127 1152 2171 fugiendi
1190 2127 1343 2172 spatium
1367 2127 1410 2158 iis
1437 2137 1509 2158 non
1537 2124 1733 2165 dederunt,
1796 2117 1806 2188 i

296 2178 336 2205 ut
364 2172 468 2217 periti
497 2172 629 2205 milites
655 2172 866 2206 adversariis
891 2173 1006 2207 facere
1032 2174 1160 2210 solent,
1196 2185 1262 2206 nec
1287 2173 1332 2206 ad
1360 2173 1549 2206 stationem
1574 2183 1670 2205 suam
1697 2177 1735 2205 et

293 2220 441 2252 classem
471 2220 599 2252 reversi
618 2225 712 2260 sunt,
739 2220 963 2264 quantumvis
985 2220 1217 2253 suadentibus
1232 2221 1395 2253 Romanis
1422 2219 1519 2252 urbis
1544 2219 1732 2263 magistra-

292 2265 388 2299 tibus
415 2266 624 2312 cunctisque
650 2266 806 2309 civibus3
830 2266 894 2299 sed
917 2268 1119 2312 praefectus
1146 2267 1291 2309 classis,
1317 2273 1433 2311 spreto
1461 2278 1583 2298 eorum
1610 2267 1730 2299 consi-

293 2313 342 2345 lio
357 2338 366 2353 ‚
398 2320 434 2347 et
456 2314 604 2347 victoria
629 2314 743 2347 elatus
761 2314 998 2359 superbiaque
1023 2315 1276 2354 intumescens,
1304 2315 1424 2358 potius
1447 2312 1555 2347 verba
1579 2313 1732 2346 minacia

293 2360 330 2392 in
357 2371 430 2400 eos,
453 2361 516 2406 qui
545 2361 630 2393 talia
654 2361 863 2401 suaderent,
890 2361 1087 2402 fundebat,
1116 2367 1261 2407 propter
1287 2361 1462 2404 ignaviam
1488 2365 1525 2393 et
1546 2359 1731 2404 perfidiam

293 2418 353 2439 eos
380 2419 451 2440 non
478 2418 548 2440 una
574 2407 694 2441 hostes
723 2409 887 2452 persequi
915 2408 1094 2441 dictitans.
1154 2409 1275 2453 itaque
1304 2408 1479 2440 exercitus
1505 2413 1645 2440 coactus
1671 2418 1731 2439 us—

293 2464 365 2498 que
391 2455 599 2494 sabellium,
625 2461 661 2488 et
689 2466 731 2487 eo
761 2454 924 2495 ulterius,
965 2455 1009 2487 ad
1038 2455 1148 2488 ardua
1174 2455 1420 2495 Siderocastri,
1445 2453 1565 2487 hostes
1590 2455 1732 2486 insecu-

294 2506 349 2534 tus
381 2508 445 2534 est.
501 2501 644 2534 Amares
672 2508 788 2534 autem
830 2502 1065 2546 importunam
1105 2513 1244 2542 eorum,
1286 2502 1449 2534 inutilem
1486 2507 1522 2534 et
1547 2500 1731 2533 confusam

293 2547 551 2582 insecutionem
578 2549 742 2590 intuitus,
765 2549 898 2582 relictis
922 2549 1112 2594 praefectis
1138 2549 1175 2582 in
1201 2549 1289 2582 locis
1315 2548 1535 2594 quibusdam,
1560 2558 1623 2592 per
1638 2557 1732 2592 quae

293 2595 477 2628 transituri
503 2602 624 2635 erant,
664 2607 853 2629 conversus
884 2607 944 2629 eos
969 2597 1006 2628 in
1032 2597 1148 2640 fugam
1175 2597 1282 2629 vertit
1308 2601 1343 2628 et
1369 2597 1560 2628 insectatus
1591 2599 1667 2635 est,
1694 2598 1733 2626 et

294 2652 387 2680 eum,
411 2653 518 2686 quem
556 2643 650 2683 dixi,
675 2643 795 2676 classis
831 2643 1059 2688 praefectum,
1085 2643 1182 2675 mulo
1211 2643 1426 2675 insidentem
1453 2647 1489 2674 et
1515 2641 1732 2686 prolapsum,

294 2688 565 2732 comprehendit
589 2690 804 2735 occiditque.
861 2690 962 2723 multi
995 2695 1179 2735 praeterea
1217 2690 1279 2721 alii
1306 2689 1402 2733 capti
1432 2693 1466 2721 et
1496 2688 1600 2721 occisi
1627 2692 1731 2726 sunt,

294 2734 332 2768 in
356 2733 411 2768 his
437 2736 510 2780 ipse
535 2736 688 2770 Michael
715 2737 870 2779 Raulus,
901 2748 1006 2783 quein
1033 2748 1076 2770 ex
1110 2748 1202 2782 equo
1237 2736 1420 2781 delapsum
1445 2732 1728 2781 comprehende-
