1806 3190
301 166 334 231 4
345 186 372 219 2
385 184 411 217 2
728 179 956 220 onolton
996 179 1315 220 PimAerAE

299 282 623 333 πεπαιδευμένοι
667 281 726 326 εἰς
759 277 857 326 τοὺς
898 276 1063 326 ἕδικούς
1089 293 1183 319 των.
1249 275 1300 325 οἲς
1326 275 1411 331 μὴν
1440 277 1742 331 ἀναισχυντοῦν

295 346 410 399 τινα,
441 345 687 399 συνηθι’σετέ
713 358 812 392 τους
847 339 929 384 ἀπὸ
972 341 1086 398 faigm
1114 341 1220 384 καλοὶ
1252 338 1338 397 ἤθη
1366 345 1440 384 καί
1466 342 1640 385 ταπεινοὶ
1670 345 1742 384 καί

294 409 446 466 ἥμερα.
516 408 565 458 οἷς
595 408 871 462 μανθάνωσιν
904 407 986 449 α’πὸ
1025 408 1141 462 τώρα
1171 407 1223 451 νά
1250 411 1492 463 γονατίζουν
1520 406 1739 464 ἐπιτήδεια

292 479 365 518 καί
390 473 601 530 εὔμορφα,
670 473 744 515 καί
780 474 829 515 vd
856 474 940 529 μὴν
984 472 1030 516 τὸ
1058 473 1211 528 ἔχωσιν
1239 473 1442 529 ἐντροπὴν
1472 471 1538 515 ὅτι
1564 473 1738 528 μεγάλοι

233 547 277 592 9'}
291 543 466 597 ρηγάδες
492 540 564 581 καί
586 544 776 594 βασιλεῖς
803 539 848 582 τὸ
875 542 1081 582 ποιοῦσιν.
1141 537 1243 582 ὅταν
1273 542 1494 594 σεβαίνουν
1523 541 1582 589 εἰς
1595 542 1774 595 &uscarl-5

290 607 387 649 σιάν
415 604 676 660 Λατινικήν,
723 602 775 655 ἂς
812 607 1054 661 γονατίζουν
1091 605 1164 648 καί
1189 603 1240 655 ἂς
1273 602 1480 660 εὔχωνται
1519 603 1658 662 ὥσπερ
1696 605 1736 649 οἱ

287 676 485 715 Λατῖνοι.
545 672 770 726 ὑπαγένετέ
798 688 894 721 τους
922 674 1109 726 συνεχῶς
1137 674 1196 721 εἰς
1219 671 1297 721 τὰς
1323 672 1555 727 ἐκκλησίας,
1586 670 1736 722 εἰςτὰς
1805 699 1806 724 1

286 737 561 791 λειτουργίας,
593 740 665 780 καί
692 735 743 787 οἲς
770 740 998 780 στὲκωνται
1023 737 1130 791 μετὰ
1159 734 1380 791 εὐλαβείας
1405 739 1480 780 καί
1502 741 1734 793 προσοχῆς,
1805 725 1806 772 i

282 803 415 858 χωρίς
442 805 631 856 γέλωτος,
661 803 795 859 χωρὶς
821 805 982 852 λαλιάς.
1039 802 1089 853 οἷς
1117 806 1362 858 γονατίζουν
1391 802 1464 845 καί
1479 800 1531 852 ἂς
1557 803 1734 845 ἀποσκε-

283 869 497 918 πάζωνται
527 865 667 924 ὥσπερ
704 868 743 911 οἱ
775 873 974 922 Λατῖνοι,
1008 871 1080 911 καί
1101 866 1151 918 ι’ἱς
1176 871 1408 923 μιμοῦνται
1431 870 1627 918 ἐκείνους.
1684 867 1735 912 ἂν
1753 880 1806 914 1⁰]

281 929 412 982 οὕτως
443 936 609 988 ποιῶσι,
637 936 810 977 θέλουσι
852 938 1097 990 βοηθηθεῖν,
1138 937 1293 977 θέλουν
1324 934 1436 989 ἔχειν
1463 934 1590 990 τιμήν
1616 934 1734 990 παρὰ

281 999 453 1052 πάντας,
479 1002 590 1041 θέλω
633 1002 831 1055 δυνηθεΐν
875 1003 947 1042 καί
990 999 1070 1055 ἐγώ
1111 999 1161 1043 voi
1205 1000 1306 1049 τούς
1358 1003 1562 1055 συνεργοῦ.
1618 1003 1733 1044 εἰδὲ

280 1065 481 1106 τάναντία
514 1068 718 1119 ποιοῦσιν,
751 1066 832 1120 ἐγώ
863 1068 932 1109 δὲν
963 1069 1074 1108 θέλω
1095 1068 1292 1121 ὃυνηθεῖν
1319 1065 1370 1108 νὰ
1400 1065 1500 1115 τοὺς
1529 1064 1732 1124 βοηθήσω

282 1130 380 1171 οὐδὲ
415 1127 533 1184 ὅλως,
563 1130 602 1173 οἱ
631 1126 848 1186 ἅνθρωποι
874 1133 1029 1173 θέλουν
1057 1130 1155 1181 τούς
1189 1133 1490 1189 α’ποστραφεῖν,
1516 1135 1590 1175 καί
1617 1132 1732 1182 τινας

283 1198 354 1238 δ’ὲν
385 1199 502 1238 θέλει
530 1196 626 1246 τούς
653 1197 841 1253 τιμήσειν
871 1198 970 1240 οὐδὲ
999 1200 1154 1246 ποσῶς.
1749 1195 1801 1241 152

426 1265 570 1304 Ταῦτα
609 1265 678 1305 δὲν
711 1266 816 1316 λέγω
845 1262 1025 1320 γράφειν
1052 1263 1127 1319 τήν
1167 1261 1380 1318 εὐγένειάν
1420 1279 1498 1306 σου
1533 1267 1608 1306 καὶ
1633 1263 1732 1314 τούς

278 1323 431 1378 ἄλλους
459 1330 512 1382 μὲ
544 1327 674 1384 τόσην
700 1332 962 1384 πολυλογίαν,
999 1325 1177 1383 εὔκαιρα
1204 1331 1275 1371 καί
1302 1330 1491 1383 μάταια·
1522 1330 1628 1372 ἀλλὰ
1659 1328 1728 1372 διὰ

280 1393 331 1436 νὰ
372 1392 424 1435 za*
467 1396 605 1448 λέγετε
645 1398 834 1450 συνεχῶς
883 1395 936 1438 τὰ
972 1396 1302 1447 αὕθεντόπουλα,
1335 1393 1385 1438 νὰ
1411 1394 1607 1451 ποιήσητὲ
1636 1412 1732 1446 τους

280 1459 333 1501 νά
367 1459 416 1501 τὰ
447 1460 708 1519 οἷναγινιόσκῃ
748 1463 936 1516 συνεχῶς
977 1461 997 1504 ὅ
1028 1462 1279 1510 διδάσκαλός
1308 1480 1402 1515 των,
1431 1462 1482 1504 voi
1510 1461 1562 1505 τοὶ
1587 1463 1730 1519 ἄγροι-

280 1528 379 1567 κοῦν
408 1525 515 1567 καλὰ
553 1526 624 1568 διὰ
655 1526 706 1569 vd
747 1526 798 1569 τοὶ
825 1528 1014 1570 ποιῶσιν.
1080 1529 1261 1577 ἐκείνους
1283 1527 1332 1570 τά
1371 1525 1506 1583 ἦθελα
1531 1528 1726 1583 γράψειν·
1743 1534 1806 1578 20¹3

279 1591 372 1632 ἀλλ’
389 1591 534 1646 ἐπειδὴ
565 1594 714 1634 ἐκεῖνοι
741 1592 799 1642 ὥς
824 1595 911 1635 νέοι
936 1591 1064 1646 α’κόμι
1094 1595 1165 1636 δ’ὲν
1191 1593 1242 1636 τὰ
1271 1594 1493 1648 ιῖγροικοῦν
1518 1592 1640 1647 καλά,
1669 1595 1730 1635 δι’

285 1656 388 1699 αὕτὸ
419 1658 572 1714 γράφω
598 1674 651 1700 τα
679 1657 753 1714 τήν
799 1657 1012 1714 εὐγένειάν
1045 1674 1149 1711 σου,
1197 1658 1246 1701 να
1275 1659 1374 1710 τούς
1402 1662 1630 1716 παραινῆτε
1657 1660 1732 1702 καί

376 1770 409 1803 5.
438 1768 667 1815 ἐμβαίνωσιν
690 1770 715 1803 Ρ
816 1781 865 1803 11.
888 1771 1055 1818 βοηθηθῇ
1079 1772 1102 1804 Ρ
1206 1772 1265 1818 ἔχῃ
1292 1771 1316 1804 Ρ
1417 1782 1465 1806 12.
1491 1770 1680 1807 δύνασθαι
1703 1773 1729 1807 P
1798 1799 1801 1814 2

377 1815 430 1847 13.
456 1815 597 1862 δυνηθῇ
620 1818 656 1857 P,
684 1817 874 1852 δυνασθὲν
899 1820 914 1850 Ι
1024 1819 1075 1862 ι4.
1105 1817 1330 1865 ἄποστραιρῇ
1357 1818 1380 1851 Ρ
1478 1822 1528 1854 15.
1554 1821 1685 1868 τιμήσῃ
1701 1820 1726 1853 Ρ
1788 1820 1801 1854 Δ]

378 1872 428 1907 ¹9·
453 1864 608 1910 γρικοῦν
624 1864 659 1904 Ρ,
684 1865 878 1910 ἐγροικοῦν
899 1865 916 1898 Ι
1018 1876 1073 1900 21.
1100 1867 1256 1911 γρικοῦν
1280 1866 1317 1907 P,
1345 1866 1546 1911 ἐγροικοῦν
1570 1868 1586 1900 1
1797 1867 1801 1877 ¹

281 1951 408 1984 alienis
431 1958 613 1997 praestare
632 1954 760 1995 vultis,
797 1966 943 1988 necesse
977 1960 1030 1988 est
1062 1966 1123 1988 eos
1150 1967 1267 1989 coram
1291 1956 1364 1990 suis
1391 1956 1559 1990 decorum
1584 1967 1725 1991 servare

279 1998 450 2032 doceatis.
500 2006 541 2033 ut
558 2001 738 2034 neminem
756 2001 911 2042 laedant,
941 2002 1154 2036 assuefacite
1177 2014 1237 2036 eos
1265 2003 1396 2036 dehinc
1415 2003 1461 2037 ad
1485 2015 1621 2037 morum
1646 2004 1724 2037 ele-

277 2046 458 2089 gantiam,
482 2046 693 2080 modestiam
729 2053 765 2081 et
791 2049 990 2082 lenitatem.
1042 2049 1208 2083 discunto
1244 2050 1314 2083 iam
1337 2050 1438 2083 flexis
1465 2051 1615 2094 genibus
1639 2056 1725 2096 apte

283 2097 321 2124 et
347 2093 532 2137 eleganter
555 2094 732 2139 salutare3
770 2106 861 2129 neve
886 2096 1022 2141 pudeat
1046 2107 1106 2130 eos
1135 2098 1263 2137 facere,
1299 2097 1397 2144 quod
1420 2098 1539 2141 magni
1565 2108 1664 2142 reges
1688 2103 1726 2132 et

277 2138 511 2183 imperatores
544 2140 693 2174 faciunt.
755 2142 900 2187 quando
942 2144 1127 2176 ecclesiam
1160 2144 1323 2177 Latinam
1358 2145 1518 2184 intrant,
1551 2145 1724 2179 flectuuto

277 2195 393 2229 genua
418 2192 455 2220 et
477 2194 669 2232 precantor
693 2188 786 2222 sicut
810 2189 939 2222 Latini.
970 2202 1014 2223 ne
1042 2191 1232 2234 negligatis
1259 2201 1319 2224 eos
1345 2190 1391 2224 ad
1408 2191 1530 2224 missas
1556 2196 1592 2224 et
1616 2191 1724 2224 litur-

276 2233 351 2275 gias
379 2233 529 2276 ducere,
555 2239 591 2268 et
615 2235 807 2269 assistunto
835 2237 1034 2270 verecunde
1061 2244 1099 2270 et
1123 2243 1273 2278 attente,
1300 2237 1376 2270 sine
1396 2239 1464 2270 risu
1492 2238 1551 2271 vel
1576 2239 1722 2282 garritus,

270 2279 377 2313 <flexis
403 2280 554 2324 genibus
580 2287 617 2315 et
640 2282 769 2327 apertis
803 2283 980 2328 capitibus
996 2310 1005 2324 ‚
1046 2285 1136 2318 sicut
1159 2285 1277 2317 Latini
1315 2284 1462 2326 faciunt,
1487 2285 1551 2330 qui
1575 2285 1721 2319 omnino

274 2325 317 2358 iis
351 2327 519 2361 imitandi
556 2334 651 2362 sunt.
708 2328 798 2362 haec
832 2331 861 2363 si
901 2330 1075 2371 fecerint,
1101 2331 1268 2364 subsidiis
1306 2343 1379 2364 non
1407 2331 1599 2372 carebunt,
1623 2332 1721 2376 apud

274 2383 397 2406 omnes
426 2374 464 2408 in
488 2373 626 2409 honore
655 2381 771 2417 erunt,
797 2377 940 2421 etipse,
968 2378 996 2410 si
1025 2378 1113 2422 quid
1128 2384 1253 2422 potero
1281 2378 1325 2410 iis
1363 2390 1494 2423 operae
1515 2383 1719 2423 praestare,

274 2419 434 2453 studiose
470 2422 673 2466 praestabo.
731 2424 761 2456 si
789 2423 966 2457 contraria
990 2424 1154 2465 fecerint,
1189 2425 1355 2469 equidem
1381 2426 1482 2459 nulla
1507 2426 1653 2458 omnino
1680 2436 1718 2459 re

275 2475 336 2498 eos
366 2467 566 2510 adiuvabo,
597 2468 759 2504 homines
795 2480 856 2504 eos
888 2471 1072 2516 negligent
1097 2483 1165 2505 nec
1201 2472 1314 2504 ullum
1338 2473 1382 2506 iis
1405 2472 1579 2507 honorem
1600 2471 1719 2506 habe-

274 2511 376 2546 bunh

365 2559 462 2593 Haec
496 2566 566 2594 tam
594 2562 739 2606 copiose
764 2561 809 2596 ad
847 2568 904 2604 te²
938 2564 993 2597 vir
1025 2564 1271 2605 nobilissime,
1307 2570 1343 2598 et
1376 2565 1536 2610 reliquos
1571 2565 1718 2611 scripsi,

272 2615 344 2637 non
370 2612 409 2640 ut
433 2608 526 2640 levia
552 2613 588 2641 et
614 2608 757 2650 inania,
797 2609 862 2643 sed
887 2615 928 2643 ut
956 2612 1130 2644 moneatis
1157 2623 1197 2644 ea
1235 2616 1411 2657 perpetuo
1436 2612 1630 2657 principes,
1654 2623 1719 2657 per

269 2652 474 2695 magistrum
499 2666 541 2687 ea
565 2662 740 2700 perpetuo
777 2656 820 2689 iis
844 2657 993 2701 legenda
1030 2659 1161 2691 curetis
1178 2684 1186 2698 ‚
1213 2670 1285 2705 quo
1313 2659 1512 2692 accuratius
1537 2658 1582 2692 ab
1609 2659 1653 2692 iis
1681 2663 1719 2692 et

270 2698 517 2743 intelligantur
562 2707 597 2735 et
622 2702 721 2736 fiant.
766 2703 812 2736 ad
839 2704 936 2749 ipsos
978 2704 1066 2737 haec
1094 2705 1247 2738 scribere
1274 2705 1459 2748 volebam3
1484 2705 1547 2738 sed
1565 2706 1650 2750 quia
1676 2710 1718 2739 ut

268 2745 372 2790 pueri
407 2757 448 2780 ea
484 2759 557 2782 non
583 2749 696 2794 probe
721 2750 943 2786 intellecturi
973 2757 1087 2793 erant,
1111 2751 1195 2786 ideo
1221 2751 1265 2786 ad
1303 2758 1357 2794 te,
1387 2753 1441 2788 vir
1465 2752 1713 2800 nobilissime,
