1806 3190
327 139 436 180 Psso
476 140 692 180 vimBUs
731 137 878 182 ACTA
916 140 1186 182 MoNomA.
1371 121 1474 179 531

39 233 99 286 εἷς
125 239 209 279 τῶν
235 252 303 279 σοι
330 236 570 288 προσόντων
601 237 794 294 α’φίκοιτό
825 242 917 281 ποτ’
954 242 1013 289 εἷς
1041 240 1174 296 λη’θην
1202 236 1323 293 ἑκών,
1353 241 1392 283 εἰ
1418 240 1477 296 μή

15 305 120 361 (τῶν
161 302 325 359 φρενῶν
364 305 576 356 ἐξέστηκεν
620 299 738 352 ὅλως.
806 305 886 358 ἐγώ
925 307 1004 358 μὲν
1033 300 1108 347 οὖν
1143 305 1216 347 καί
1241 303 1479 360 σύνὸακρυς

38 371 117 413 σοῦ
139 370 398 423 μεμνημένος
423 370 698 422 καθίσταμαι,
717 370 790 411 καί
811 368 855 411 τὸ
883 370 1137 426 προφητικὸν
1165 372 1307 425 εἰπεῖν,
1338 371 1482 420 σκότος

39 435 188 479 λεπτόν
212 449 266 487 με
298 432 526 488 καλύπτει,
569 434 642 475 καί
667 436 943 490 παραμυθίαν
980 439 1115 492 ζητῶν
1141 437 1273 479 ταΰτοὶ
1299 452 1374 490 μοι
1402 435 1483 478 ποί-

27 515 158 554 ’σχειν
185 498 256 540 καί
280 498 376 547 τούς
403 493 556 549 ἄλλους
581 501 775 554 εὑρίσκω.
842 497 878 542 ὦ
904 501 992 550 παῖς
1020 517 1096 544 σου
1126 500 1203 556 τὴν
1229 503 1328 556 πρὶν
1362 503 1484 543 εὕκο..

39 567 168 618 σμιάν
195 561 427 622 ἀφῄρησαι,
457 567 531 607 καί
553 566 580 620 ἧ
607 565 849 622 λαμπρότης
872 568 1051 622 α’πὲσβη,
1079 570 1152 610 καί
1178 567 1275 617 τούς
1301 567 1485 622 ὁρῶντας

38 633 249 687 κατηφιᾶν
266 631 523 685 ἀναγκάζεις.
541 633 796 686 συγκέχυται
814 633 893 687 γάρ
910 648 978 674 σοι
995 632 1148 686 κόσμος
1165 632 1187 675 ὅ
1208 635 1488 688 περικείμενος

39 694 174 749 ἅπας,
206 695 279 737 καί
303 695 348 738 τὸ
368 695 537 750 κάλλος,
570 691 603 754 ᾧ
618 697 774 752 σαυτὴν
806 704 974 751 κοσμεῖν
995 695 1127 752 εἶχες,
1157 698 1355 755 ἐξαίφνης
1383 700 1490 741 α’πὸ-

40 766 158 805 λωλε.
188 765 367 816 θέατρον
385 763 466 817 γὰρ
487 760 690 817 πρότερον
709 765 786 816 μὲν
804 759 1005 817 εὔδαιμον
1023 761 1086 819 ἧς,
1107 763 1200 806 νυνί
1218 767 1265 807 δὲ
1283 767 1365 806 θέα
1385 767 1490 807 πᾶσι

40 829 209 884 γέγονας
233 829 478 880 α’πευκταία,
509 830 582 869 καί
605 828 701 878 τοὺς
729 831 900 871 ἐνοικεῖν
926 827 1146 883 ἑλομένους
1175 845 1242 872 σοι
1271 831 1344 872 καί
1369 826 1489 872 ἄκον-

39 909 114 943 τας
142 893 392 943 ἀπελαύνεις
409 926 421 947 ,
453 894 556 948 ὁρᾶν
584 910 631 937 σε
669 893 727 949 μή
760 896 968 951 φέροντας
996 898 1039 937 ἑν
1068 898 1275 953 δυστυχίᾳ
1303 895 1487 951 τοιαύτῃ.

42 959 87 1001 οἳ
109 959 188 1014 γάρ
217 974 264 1001 σε
302 958 459 1015 τροφὸν
485 959 628 1002 οἴδασι
659 963 730 1002 καί
755 963 941 1015 μητέρα,
975 967 1062 1011 τοῖς
1090 963 1161 1004 ἐπὶ
1185 961 1315 1016 μητρί
1339 976 1488 1002 κοπτο-

38 1027 178 1079 μένοις
218 1027 472 1082 α’ποιχομένῃ
506 1024 558 1067 τὰ
593 1027 864 1080 παραπλήσια
899 1028 1057 1081 δρῶσι,
1086 1029 1156 1069 καί
1182 1029 1414 1083 κατηφείας
1440 1042 1488 1068 σε

41 1089 191 1140 πάντες
221 1093 437 1133 ποιοῦνται
469 1092 664 1146 διήγημα.
737 1087 771 1133 αἶ
811 1090 1033 1147 παρόντες,
1067 1091 1147 1147 ἐγώ
1191 1095 1268 1146 μὲν
1307 1095 1379 1134 καί
1405 1094 1566 1149 τῶνῧῃ

41 1153 178 1199 ἄλλων
208 1154 307 1200 ὅταν
336 1160 394 1208 εἰς
429 1157 596 1212 μνήμην
623 1154 710 1212 ἥκω
740 1160 813 1212 τῆς
843 1156 1027 1211 πόλεως,
1058 1162 1221 1200 πολλῶν
1253 1154 1386 1200 ὄντων
1417 1158 1491 1199 καί

37 1221 253 1277 μεγάλων,
295 1226 368 1266 καί
405 1218 463 1266 ὧν
491 1224 610 1278 λόγος
638 1225 776 1273 ου’δείς
816 1226 988 1278 ἐξαρκεῖ
1017 1226 1122 1281 πρὸς
1152 1224 1353 1279 διήγησιν,
1383 1225 1488 1277 ἰλίγ-

38 1304 115 1343 γου
143 1292 385 1344 πληροῦμαι
430 1291 502 1331 καί
537 1288 719 1342 ἐμαυτὸν
747 1290 817 1330 ὑπ’
849 1289 1038 1343 ἀθυμίας
1078 1293 1267 1343 κατέχειν
1297 1288 1376 1343 οὐχ
1402 1286 1488 1337 οἶός

37 1371 83 1397 τε
106 1356 287 1409 γίνομαι,
316 1356 437 1410 ἡνίκα
468 1357 507 1397 δ’
539 1351 591 1398 ἂν
620 1357 692 1397 καί
711 1355 783 1397 τὸν
810 1354 1032 1398 κάλλιστον
1059 1353 1105 1396 ὃν
1130 1356 1389 1409 ἀποβέβληκε
1416 1353 1488 1394 κό-

38 1435 145 1474 σμον
173 1424 416 1475 λογίσωμαι,
453 1422 579 1474 νειός,
608 1421 720 1476 φημὶ
754 1423 896 1470 θείους
922 1422 994 1462 καί
1030 1420 1079 1463 τοὶ
1108 1420 1212 1463 κατὰ
1242 1422 1324 1463 πᾶν
1354 1421 1487 1474 αὐτῆς

37 1489 165 1540 μέρος
185 1490 347 1538 σεμνῶν
375 1488 540 1542 α’νὸρῶν
567 1485 816 1541 καταγώγια,
836 1489 993 1541 μικροῦ
1007 1489 1079 1528 καί
1096 1481 1265 1542 ἄφωνος
1293 1492 1377 1535 τοῖς
1405 1503 1485 1527 πα-

39 1554 185 1605 ροῦσιν
215 1551 380 1607 ὁρῶμαι
424 1553 496 1595 καί
532 1553 654 1607 μόλις
694 1553 877 1606 ἐμαυτὸν
919 1553 1166 1603 α’νακτῶμαι
1204 1553 1277 1594 τοῦ
1306 1552 1482 1600 πάθους.

39 1616 274 1675 ὅφθαλμῶν
317 1618 397 1675 γὰρ
439 1622 568 1663 εἰπεῖν
606 1616 715 1675 ἦσαν
753 1614 868 1661 οὗτοι
904 1618 1035 1672 βολαί
1056 1634 1102 1660 τε
1143 1621 1216 1660 καί
1254 1620 1402 1673 γλῆναι
1431 1619 1484 1674 τῇ

37 1833 193 1867 unquam
218 1821 448 1855 obliviscetur
470 1821 608 1863 libens,
638 1822 675 1854 ni
713 1825 834 1854 mente
864 1825 989 1865 captus
1013 1819 1076 1853 abs
1111 1824 1147 1853 te
1175 1830 1318 1866 prorsus
1342 1819 1480 1853 abierit.

36 1879 101 1913 ego
126 1880 207 1902 vero
224 1875 320 1902 totus
345 1869 497 1901 lacrimis
524 1879 747 1913 conspergor,
774 1868 857 1900 dum
884 1868 935 1901 tui
964 1866 1142 1908 recordor,
1169 1872 1206 1900 et
1231 1872 1271 1900 ut
1295 1879 1372 1900 cum
1397 1879 1482 1912 pro-

34 1916 146 1962 pheta
173 1916 314 1961 loquar,
339 1916 490 1949 subtiles
513 1915 683 1949 tenebrae
711 1926 765 1948 me
791 1915 976 1959 obtegunt,
1003 1919 1039 1947 et
1063 1914 1343 1948 consolationem
1369 1925 1482 1958 quae·

34 1974 114 1996 rens
141 1963 264 1996 eadem
292 1968 328 1996 et
351 1964 440 1996 alios
466 1963 605 2008 perpeti
632 1963 782 2007 reperio.
833 1972 854 1994 o
880 1961 1060 2007 quomodo
1085 1967 1147 1994 tuo
1173 1962 1325 2006 pristino
1351 1960 1479 1993 decore

34 2010 190 2055 spoliata
227 2022 283 2049 es,
311 2016 347 2043 et
379 2009 549 2054 splendor
585 2010 803 2050 exstinctus,
832 2014 868 2042 et
897 2009 1079 2041 intuentes
1115 2018 1275 2041 maerore
1309 2003 1478 2044 conficis!

32 2062 177 2090 ornatus
206 2057 299 2090 enim
318 2058 443 2098 omnis,
472 2058 532 2103 qui
553 2062 589 2091 te
606 2057 798 2096 ambiebat,
823 2054 1056 2089 conturbatus
1074 2060 1147 2096 est;
1172 2059 1208 2087 et
1233 2053 1478 2099 pulchritudo,

33 2114 103 2149 qua
129 2109 165 2137 te
193 2103 478 2146 condecora-ibas,
503 2110 661 2137 actutum
693 2103 803 2144 abiit,
836 2101 1014 2135 theatrum
1049 2101 1226 2146 siquidem
1250 2106 1353 2134 antea
1377 2101 1477 2142 felix,

30 2162 126 2183 nunc
153 2151 318 2184 omnibus
342 2151 619 2184 abominandum
641 2149 881 2196 spectaculum
901 2149 1040 2182 reddita
1067 2160 1120 2191 es3
1145 2154 1182 2181 et
1208 2159 1268 2181 eos
1295 2148 1356 2192 qui
1377 2153 1475 2181 tuam

30 2196 291 2232 habitationem
314 2199 498 2243 elegerant
522 2199 686 2232 nolentes
722 2197 845 2244 abigis,
870 2202 1040 2241 tanquam
1066 2195 1128 2240 qui
1154 2200 1189 2228 te
1214 2195 1251 2227 in
1278 2195 1387 2227 simili
1414 2206 1474 2227 ca-

30 2245 337 2288 lamitatessvidere
367 2258 441 2279 non
467 2246 654 2278 sustinent.
703 2245 764 2289 qui
790 2244 884 2276 enim
910 2248 945 2276 te
964 2243 1123 2276 altricem
1151 2247 1187 2274 et
1213 2246 1360 2274 matrem
1385 2253 1474 2274 con-

29 2291 186 2332 fitentur,
210 2292 359 2337 perinde
385 2304 421 2326 se
446 2298 573 2336 gerunt
596 2297 703 2335 atque
730 2291 785 2323 illi
807 2291 869 2335 qui
894 2295 1042 2323 matrem
1063 2289 1283 2322 demortuam
1308 2291 1474 2329 efferunt,

31 2343 69 2372 et
92 2340 260 2372 maeroris
296 2345 330 2372 te
362 2340 600 2373 narrationem
633 2350 754 2372 omnes
790 2337 1023 2370 constituunt.
1085 2346 1105 2368 o
1130 2335 1357 2379 praesentes!
1405 2346 1471 2380 ego

30 2385 195 2431 equidem
226 2392 262 2420 et
286 2397 399 2420 rerum
424 2387 575 2419 aliarum
604 2385 700 2418 urbis
727 2385 930 2418 memoriam
966 2395 1044 2415 cum
1070 2382 1213 2423 recolo,
1238 2393 1331 2428 quae
1357 2383 1471 2415 multa

29 2438 115 2466 sunt
138 2439 175 2466 et
197 2434 356 2478 ingentia
394 2439 430 2467 et
456 2433 599 2467 dicendi
636 2444 745 2477 genus
777 2442 881 2464 omne
915 2434 1104 2475 superant,
1142 2429 1262 2462 statim
1292 2430 1468 2473 vertigine

29 2479 213 2524 opprimor
237 2487 273 2514 et
297 2492 352 2513 me
380 2481 496 2525 ipsum
523 2481 707 2514 continere
733 2490 816 2524 prae
844 2477 967 2511 ‹lolore
992 2487 1145 2521 nequeo.
1194 2476 1258 2509 sed
1281 2487 1359 2508 cum
1384 2477 1468 2521 pul-

28 2525 233 2568 cherrimus,
259 2539 365 2574 quem
389 2529 521 2568 amisit,
548 2533 694 2560 ornatus
716 2526 827 2559 menti
853 2524 1026 2563 occurrit,
1058 2522 1188 2563 aedes,
1217 2524 1381 2567 inquam,
1411 2534 1466 2555 sa-

28 2583 108 2606 crae
134 2579 171 2608 et
195 2586 258 2619 per
273 2575 391 2607 omnia
410 2576 465 2607 sni
490 2576 567 2607 loca
589 2573 868 2607 venerandorum
891 2571 1074 2603 hominum
1091 2570 1206 2611 sedes,
1230 2575 1368 2603 tautum
1392 2582 1466 2604 nou

28 2625 147 2654 mutus
174 2622 268 2654 vocis
301 2634 363 2654 usu
394 2622 520 2655 amisso
547 2621 768 2654 adstantibus
794 2618 935 2658 videor,
970 2623 1005 2650 et
1032 2618 1091 2649 vix
1116 2628 1172 2649 me
1198 2628 1242 2649 ex
1270 2628 1310 2648 ea
1340 2616 1464 2648 turba-

27 2667 128 2700 tione
153 2669 260 2702 animi
299 2669 477 2713 recolligo.
527 2670 709 2702 oculorum
745 2667 837 2699 enim
865 2665 927 2696 illa
954 2670 1055 2697 erant
1079 2663 1170 2703 urbi,
1197 2669 1235 2696 ut
1259 2663 1308 2696 ita
1336 2663 1462 2704 dicam,

27 2714 142 2749 iaetus
167 2721 275 2762 atque
302 2716 481 2762 pupillae:
507 2720 542 2750 at
569 2726 664 2749 nunc
679 2712 978 2754 obdormiscentia
1002 2711 1186 2745 obscuram
1215 2710 1315 2744 illam
1347 2710 1460 2743 unde-
