1806 3190
321 165 393 218 92
747 165 972 206 Grzoneu
1016 166 1334 208 PHRANTAAE

319 265 506 316 ἐποίησε,
534 264 606 305 καί
620 262 706 317 τὴν
732 262 939 305 ῙΙΙπὸσναν
969 263 1042 306 καί
1079 263 1150 307 τὸν
1178 264 1458 321 Καστριώτην
1484 267 1673 323 Ἰωάννην
1700 270 1760 318 εἰς
1796 292 1801 293 ff

318 325 448 382 ἄκρον
475 327 716 372 ἐδούλωσεν.
774 322 892 378 οὗτος
919 333 1079 386 πρῶτος
1107 336 1193 380 τοῖς
1223 332 1498 387 ἰαννιτζοίροις
1524 332 1577 375 τοὶ
1608 333 1761 389 προνό-
1797 347 1804 371 2

315 411 396 446 μια
430 392 459 435 ὃ
487 391 657 448 ἔχουσιν
684 395 928 448 ἐχαρίσατο,
967 398 1040 438 καί
1064 399 1124 446 εἷς
1151 396 1267 448 τάξιν
1298 395 1349 452 ἢν
1378 400 1457 447 ἓως
1483 400 1555 455 τῆς
1579 396 1760 455 σήμερον

317 457 435 509 ἔταξε
480 459 754 514 πορεύεσθαι·
825 460 1056 513 παλαιόθεν
1083 464 1161 516 μὲν
1206 461 1253 504 τὸ
1293 461 1396 506 αύτὸ
1437 463 1576 519 τάγμα
1617 462 1760 520 ἐτέρας

316 526 542 578 συνηθειας
575 526 648 566 καί
672 524 807 576 τάξεις
831 528 905 568 καί
939 528 1155 581 ἐνδύματα
1182 525 1306 584 εἶχον.
1372 528 1446 572 καί
1468 536 1668 584 γυναῖκας
1695 530 1757 587 μή
1772 540 1806 585 52

317 588 540 643 λαμβάνειν
568 587 722 644 ἔταξεν,
749 591 818 634 ἵνα
848 593 907 648 μή
938 595 1203 648 α’σχολῶνται
1232 595 1302 638 διὰ
1331 598 1538 650 γυναικῶν
1565 598 1639 640 καί
1659 599 1760 640 παί-

317 656 400 696 δων
434 654 592 711 τροφὰς
617 655 691 699 καὶ
716 661 941 714 φροντίδας
959 692 972 714 ,
1008 660 1114 703 ἀλλὰ
1143 661 1248 714 μετὰ
1269 663 1511 717 προθυμίας
1536 663 1581 705 ἒν
1602 664 1660 720 τῷ
1683 678 1763 706 πο-

314 723 426 778 λέμῳ
455 719 626 764 πάντοτε
653 723 892 779 ἀμερίμνως
906 724 1096 778 ἔσωνται,
1127 727 1202 769 καί
1225 726 1349 777 υἱούς
1374 726 1510 771 αὑτοῦ
1538 732 1761 772 καλεῖσθαι

311 788 515 828 ἐκέλευσε.
570 788 735 844 ὑπῆρχε
765 791 812 832 δὲ
837 793 897 841 εἰς
923 791 1023 841 τούς
1051 791 1262 848 ὑπηκόους
1289 794 1419 836 αὑτοῦ
1445 795 1556 837 πάνυ
1584 796 1759 850 δίκαιος,

310 855 566 907 προ-θεωρῶν
593 853 645 896 τά
677 855 900 910 ἐρχόμενα.
972 859 1125 901 ου’δένα
1164 855 1322 902 ἀδικεῖν
1349 862 1450 903 ποτὲ
1478 859 1573 910 τούς
1601 877 1758 917 σατρα-
1776 879 1806 915 ¹5

308 920 399 959 πῶν
431 918 504 960 καί
531 923 682 975 κριτῶν
708 919 869 971 πάντας
893 925 1054 976 μᾶλλον
1084 924 1357 980 ἐπρόσταττε·
1413 927 1487 969 καί
1514 925 1590 969 ἐάν
1618 943 1684 977 τις
1711 926 1758 970 τὸ

307 982 558 1039 πρόσταγμα
585 985 733 1041 μικρὸν
757 989 1005 1043 παρέβαινε,
1031 993 1164 1046 χωρίς
1193 1006 1303 1041 τινος
1327 995 1597 1053 συμπαθείας
1625 1008 1758 1050 κεφα-

306 1050 432 1099 λικῶς
460 1050 615 1101 αύτούς
638 1052 872 1096 ἐπαίδευεν.
902 1049 953 1109 ἦν
982 1057 1029 1096 δὲ
1056 1058 1101 1098 ἐν
1138 1062 1231 1106 ταῖς
1256 1055 1419 1111 μάχαις
1448 1056 1756 1114 ῥιψοκίνδυνος,

307 1116 381 1156 καί
408 1115 434 1170 ἦ
463 1116 570 1172 τύχη
599 1119 773 1161 πάντοτε
802 1121 919 1178 αύτῷ
946 1118 1187 1176 ἐβοήθησεν.
1253 1119 1428 1178 ὕστερον
1471 1123 1608 1180 ἐφάνη
1647 1125 1761 1183 αὐτῷ’

307 1181 504 1237 δερβίσης
528 1183 721 1237 γενέσθαι
748 1180 877 1240 ἤγουν
903 1185 1104 1240 μοναχός,
1131 1189 1205 1229 καί
1230 1189 1275 1229 ἐν
1303 1190 1357 1245 τῇ
1371 1187 1551 1247 Προύσῃ
1572 1190 1757 1246 περάσας
1775 1195 1806 1245 1}

306 1247 488 1301 ἐγένετο,
527 1248 600 1290 καὶ
643 1251 726 1301 ζῶν
764 1249 828 1293 ἔτι
861 1254 919 1309 τῷ
955 1251 1035 1309 υἱῷ
1063 1255 1266 1311 Μεεμέτῃ
1294 1254 1371 1309 τήν
1397 1255 1537 1298 πᾶσαν
1566 1256 1758 1307 ἐξουσίαν

306 1314 378 1354 καί
402 1316 620 1366 βασιλείαν
651 1315 795 1370 ἔδωσε,
823 1317 1081 1369 βασιλεύσας
1109 1318 1181 1374 ἔτη
1205 1317 1427 1375 τριάκοντα
1456 1323 1530 1364 καί
1558 1324 1757 1377 τέσσαρα.

413 1383 479 1422 52.
529 1376 756 1438 Ἐλθούσης
800 1385 847 1426 δὲ
879 1382 1018 1439 πάσης
1054 1386 1131 1439 τῆς
1169 1385 1307 1440 ἀρχῆς
1347 1387 1422 1429 καί
1456 1389 1651 1440 ἐξουσίας
1687 1389 1759 1432 ἐπὶ

269 1444 376 1488 Βτόν
405 1448 630 1503 ῙΙἸεεμὲτην
665 1450 710 1490 ἐν
745 1446 830 1491 ἔτει
861 1450 1007 1508 ,ςένηᾉ
1044 1451 1298 1503 ἰνδικτιῶνος
1325 1450 1404 1507 ιδ’,
1448 1452 1519 1496 διὰ
1559 1452 1606 1496 τὸ
1648 1449 1756 1497 εἶναι

405 1591 432 1614 1.
458 1580 622 1617 Πόσναν
647 1584 710 1617 καὶ
733 1579 798 1619 τὸν
816 1585 1067 1628 καστηλιώτην
1093 1586 1131 1627 Ρ,
1156 1586 1380 1634 στρατιώτην
1405 1598 1526 1632 margo
1644 1628 1652 1642 ἱ
1669 1589 1701 1625 3-
1728 1583 1754 1623 ἃ

399 1647 446 1653 —-
471 1627 638 1674 σήμερον
663 1641 720 1663 om
746 1631 771 1664 P
906 1644 956 1665 ιι.
989 1634 1194 1679 ἐπρόσταζε
1219 1635 1242 1668 Ρ
1389 1645 1440 1668 12.
1465 1647 1521 1673 τις
1543 1645 1682 1681 μικρόν
1705 1631 1752 1669 τὰ

398 1675 603 1722 πράγματα
627 1677 651 1710 Ρ
802 1679 851 1712 15.
875 1682 1040 1725 τιρβίσης
1071 1681 1243 1726 περάσας
1275 1681 1316 1716 ἐν
1349 1682 1391 1729 τῇ
1427 1680 1576 1729 προύσῃ
1609 1683 1753 1727 ἐγένετο

399 1719 516 1767 ἤγουν
548 1723 736 1769 μοναχός,
778 1728 841 1759 καὶ
875 1727 1009 1766 ζῶντος
1044 1726 1159 1762 αὐτοῦ
1191 1727 1240 1773 τῷ
1273 1728 1311 1761 Μ
1511 1730 1562 1762 18.
1594 1728 1668 1773 3²]
1701 1729 1750 1773 λβ

402 1779 459 1801 om
491 1771 526 1803 P.
552 1773 640 1816 περὶ
676 1772 736 1814 τῆς
774 1773 960 1816 βασιλείας
987 1777 1153 1821 Μεεμὲτη
1188 1775 1343 1822 (μεεμὲτ
1378 1776 1424 1821 Ρ)
1460 1776 1639 1820 βασιλέως
1679 1776 1754 1812 τῶν

403 1814 585 1862 Τούρκων
620 1818 686 1852 τοῦ
718 1813 784 1861 τὴν
810 1819 921 1855 πόλιν
952 1820 1127 1865 λαβόντος
1158 1821 1237 1867 (τοῦ
1262 1825 1326 1857 καὶ
1360 1818 1426 1865 τὴν
1447 1822 1559 1860 πόλιν
1581 1821 1752 1860 ἁλώσαν-
1802 1833 1806 1840 “

398 1875 462 1902 τος
479 1864 518 1910 Ρ)
544 1864 608 1897 ΜΡ
729 1877 778 1912 ¹9·
805 1867 960 1914 μεχεμὲτ
983 1869 1008 1901 Ρ

307 1974 377 2007 sibi
405 1974 570 2010 subiecit.
594 1976 691 2011 idem
718 1979 852 2023 primus
880 1980 1060 2014 ianitzaris
1085 1982 1185 2023 iura,
1209 1992 1302 2026 quae
1330 1981 1387 2014 illi
1416 1981 1573 2024 habent,
1610 1983 1756 2027 praeci.-

306 2033 378 2066 pua
402 2022 621 2068 impertivit,
655 2035 789 2070 eosque
823 2037 885 2069 eo,
921 2038 991 2072 quo
1019 2029 1127 2062 etiam
1153 2029 1262 2074 hodie
1303 2034 1475 2071 utuntur,
1500 2029 1671 2063 exercitio
1699 2030 1754 2064 uti

307 2069 422 2102 iussit.
445 2070 644 2115 antiquitus
674 2073 769 2104 enim
794 2074 869 2106 eius
893 2073 1046 2118 legionis
1071 2076 1165 2108 aliae
1189 2076 1467 2110 consuetudines
1483 2102 1491 2116 ,
1521 2077 1591 2108 alia
1617 2077 1754 2109 exerci-

306 2117 378 2156 tia,
401 2116 471 2149 alia
503 2117 718 2152 vestimenta
749 2125 861 2153 erant.
894 2122 1011 2154 vetuit
1035 2123 1179 2156 eosdem
1203 2123 1430 2156 matrimonia
1455 2123 1684 2164 contrahere,
1706 2134 1755 2156 ne

306 2162 557 2197 detinerentur
578 2175 725 2198 uxorum
751 2166 1016 2212 liberorumque
1043 2181 1126 2202 cura
1153 2175 1190 2203 et
1210 2171 1324 2211 victu,
1347 2169 1412 2202 sed
1440 2170 1549 2202 alacri
1573 2176 1611 2204 et
1633 2171 1753 2203 soluto

305 2222 445 2255 semper
469 2212 586 2244 animo
605 2212 643 2244 in
665 2213 795 2246 militia
817 2221 1053 2257 versarentur,
1079 2217 1267 2262 voluitque
1293 2217 1435 2249 eosdem
1458 2217 1552 2250 filios
1580 2229 1664 2250 suos
1689 2227 1753 2262 ap-

305 2258 446 2301 pellari.
469 2258 505 2290 in
530 2258 714 2293 subiectos
740 2261 878 2304 egregie
900 2262 1027 2303 iustus,
1055 2268 1090 2296 et
1129 2264 1240 2297 futuri
1267 2264 1474 2308 intelligens
1510 2269 1606 2306 erat3
1631 2274 1753 2297 severe

306 2305 454 2349 satrapis
480 2309 516 2338 et
538 2305 718 2339 iudicibus
749 2307 914 2341 omnibus
941 2308 1127 2351 edicebat,
1167 2323 1213 2344 ne
1246 2311 1412 2355 cuiquam
1450 2311 1616 2344 iniuriam
1656 2310 1753 2344 sace-

308 2357 409 2392 rent3
432 2352 531 2396 quod
557 2352 714 2386 edictum
742 2354 770 2386 si
796 2355 875 2399 quis
905 2356 963 2388 vel
985 2357 1132 2389 minime
1167 2357 1359 2398 violasset,
1386 2358 1486 2390 nulla
1514 2357 1755 2391 misericordia

306 2397 594 2441 prohibebatur,
618 2401 810 2445 quominus
838 2413 919 2434 eum
941 2403 1057 2447 capite
1082 2404 1280 2439 mulctaret.
1307 2405 1345 2436 in
1368 2405 1514 2449 proeliis
1539 2416 1577 2437 se
1602 2404 1754 2438 obiicie-

308 2444 371 2477 bat
397 2446 585 2490 periculis,
620 2452 729 2491 atque
764 2459 949 2493 nunquam
981 2461 1054 2483 non
1080 2451 1169 2485 favit
1198 2453 1231 2485 ei
1255 2453 1411 2484 fortuna.
1435 2457 1615 2496 postremo
1641 2452 1674 2483 ei
1697 2451 1754 2483 vi—

306 2503 381 2523 sum
411 2498 486 2534 est,
513 2499 552 2526 ut
576 2492 736 2528 derbises
762 2496 836 2529 sive
865 2496 1059 2529 monachus
1085 2499 1196 2532 fieret.
1234 2500 1357 2543 itaque
1383 2500 1524 2531 Prusam
1549 2498 1754 2542 profectus,

306 2538 460 2571 derbises
480 2540 591 2573 faetus
618 2546 671 2575 est
697 2542 945 2587 concessitque
970 2542 1085 2576 adhue
1109 2546 1209 2579 vivus
1228 2546 1422 2579 Mehemeti
1447 2546 1523 2578 filio
1547 2556 1691 2589 regnum
1715 2550 1752 2578 et

305 2596 443 2618 omnem
480 2588 729 2622 auctoritatem
764 2590 917 2634 regiam,
941 2595 1129 2635 postquam
1156 2593 1233 2637 ipse
1257 2593 1398 2626 functus
1426 2598 1479 2626 est
1502 2592 1652 2637 imperio
1681 2602 1749 2625 an-

306 2642 369 2664 nos
398 2633 545 2675 triginta
570 2641 734 2679 quatuor.

398 2678 453 2710 32.
500 2680 688 2715 Translato
725 2682 916 2715 Mehemeti
957 2694 1066 2728 regno
1106 2685 1276 2730 omnique
1312 2689 1490 2729 potestate
1528 2685 1622 2729 regia
1657 2695 1750 2716 anno

304 2724 414 2769 6958,
438 2726 637 2762 indictione
666 2729 728 2772 14,
768 2731 941 2776 quoniam
967 2731 995 2764 is
1026 2730 1218 2765 admodum
1244 2733 1453 2778 adolescens
1480 2737 1555 2765 erat
1571 2757 1580 2773 ‚
1606 2731 1754 2778 quidam
