1806 3190
289 155 406 222 444
706 174 934 218 GEoRGu
974 173 1294 214 PHRANTZAE

288 271 540 328 παραθήκην
577 274 704 327 μέχρι
741 274 885 321 τέλους
929 270 1206 329 φυλάξωμεν,
1246 274 1314 314 ἵνα
1353 278 1444 320 ταῖς
1489 272 1728 326 πρεσβείαις

287 340 371 380 τῶν
395 339 628 390 ε’κθεμὲνων
656 337 762 380 αὐτὸ
793 340 866 379 καί
884 336 1158 393 φυλαξάντων
1185 338 1312 391 ἁγίων
1341 337 1412 379 καί
1436 339 1518 379 τῶν
1546 334 1624 390 πρὸ
1651 336 1727 377 αύ-

286 405 386 457 ταῖν,
414 405 457 455 ἐξ
483 399 542 445 οἷν
584 402 659 457 τὴν
696 404 848 457 γνῶσιν
877 398 994 444 οὗτοι
1030 405 1105 444 τοῦ
1137 403 1351 456 συμβόλου
1381 405 1630 457 παρέλαβον,
1654 399 1728 443 καί

283 469 448 511 πάντων
476 468 584 521 ὁμοῦ
617 469 699 510 τῶν
726 468 880 521 ἁγίων,
911 471 994 510 τῶν
1023 467 1145 522 ἱερῶν
1172 465 1354 523 ἀγγέλων
1390 474 1524 517 λιταῖς
1555 466 1629 509 καί
1651 469 1726 521 τῆς

285 537 363 576 τοῦ
403 537 588 588 σωτῆρος
633 534 750 588 ἡμῶν
796 537 870 575 καί
906 537 1012 576 θεοῦ
1052 535 1188 588 Ἰησοῦ
1216 536 1409 588 Χριστοῦ
1442 529 1763 587 οἷειπαρθένουῖ»

283 598 453 654 μητρός,
479 602 550 653 τῆς
577 597 705 654 μόνης
735 601 939 655 παναγιάς
967 603 1039 643 καί
1066 602 1234 655 α’ληθαῖς
1266 600 1534 655 θεομήτορος,
1557 599 1614 648 ὥς
1643 600 1724 642 66-

285 681 358 719 ρον
383 664 575 720 καθαρὸν
602 667 675 720 τήν
709 667 836 721 καλὴν
865 666 1024 722 ταύτην
1053 664 1275 720 ὄμολογίαν
1303 665 1643 720 προσενεγκόντες
1673 666 1725 722 τῇ

283 732 438 785 τριάδι,
467 734 538 786 τῆς
563 747 606 774 τε
633 732 804 774 αἰωνίου
832 734 1188 786 ἐλευθερωθῶμεν
1224 731 1432 780 κολάσεως
1459 730 1532 774 καὶ
1558 732 1633 785 τῆς
1660 732 1726 772 δι-

284 797 559 852 αιωνιζούσης
587 797 666 840 σύν
682 801 857 856 Χριστῷ
887 799 1192 852 ἀπολαύσωμεν
1212 798 1334 848 &elac
1359 797 1491 840 αὐτοῦ
1517 799 1592 840 τοῦ
1609 799 1720 852 Χρι-

282 865 387 906 στοῦ
415 866 633 917 βασιλείας
668 866 741 906 καί
777 864 897 919 δόξης
933 864 1005 907 καί
1044 865 1338 917 ἀπολαύσεως,
1386 863 1563 912 αἰωνίως
1593 860 1790 904 αύτὸνιο

281 927 352 970 τὸν
380 928 567 984 Χριστὸν
590 929 662 972 τὸν
699 934 900 985 μονογενῆ
928 929 1021 972 υἱὸν
1057 933 1134 972 τοῦ
1165 932 1269 972 θεοῦ
1297 932 1450 979 ζῶντος
1482 928 1721 981 δοξάζοντες

281 994 360 1037 σύν
391 996 450 1054 τῷ
483 999 718 1054 προαιωνίῳ
759 997 892 1038 αὐτοῦ
920 999 1051 1053 πατρί
1087 996 1159 1038 καί
1185 999 1241 1055 τῷ
1274 998 1460 1054 παναγίῳ
1498 994 1718 1048 πνεύματι.

281 1060 404 1116 α’μήν.

241 1141 266 1173 Β
385 1128 699 1170 Ἐπακολουθῶν
727 1124 802 1170 οὖν
846 1127 923 1183 ἐγώ
954 1130 1004 1185 τῇ
1030 1127 1239 1187 ὅμολογίᾳ,
1267 1128 1325 1178 αἱς
1349 1127 1433 1183 χρὴ
1464 1133 1596 1170 ποιεῖν
1620 1126 1719 1177 τούς

277 1193 324 1235 τὸ
353 1194 584 1247 μοναχικὸν
610 1197 755 1249 σχῆμα
784 1192 1078 1248 λαμβάνοντας,
1107 1191 1221 1237 εἶπον
1245 1192 1375 1244 οὕτως
1403 1193 1474 1237 ἔτι.
1737 1193 1786 1235 15

387 1257 590 1302 Πιστεύω
628 1259 701 1303 τὸν
739 1259 832 1303 υἱὸν
867 1264 945 1303 τοῦ
978 1264 1083 1302 θεοῦ
1110 1260 1168 1315 μὴ
1209 1263 1358 1314 κτίσμα
1388 1257 1495 1303 εἶναι
1521 1259 1609 1302 οὐδ’
1637 1258 1716 1301 ὑπὸ

273 1327 422 1382 χρόνον
464 1326 569 1369 κατὰ
599 1327 672 1369 τόν
704 1322 868 1383 ἄφρονα
898 1323 1079 1382 ΖἈρειον,
1108 1324 1201 1370 ἀλλ’
1229 1326 1450 1380 ὄμοούσιον
1476 1326 1549 1368 καί
1575 1330 1719 1368 συναῖἑ-

276 1395 366 1435 διον
392 1395 448 1451 τῷ
476 1396 562 1452 θεῷ
601 1393 674 1435 καί
702 1396 863 1449 πατρί,
908 1392 1008 1436 θεὸν
1052 1393 1253 1449 ἀληθινὸν
1279 1395 1326 1436 ἐκ
1355 1395 1459 1435 θεοῦ
1485 1393 1717 1447 α’ληθινοῦ,

273 1458 449 1515 ποιητήν
493 1460 660 1515 χρόνων
701 1459 772 1502 καί
802 1462 887 1502 τῶν
935 1460 1168 1514 κτισμάτων
1217 1461 1407 1512 πάντων,
1448 1456 1626 1512 ὕστερον
1668 1460 1715 1501 δὲ

273 1528 544 1579 σαρκωθέντα
580 1528 634 1568 δι’
675 1526 786 1582 ἡμᾶς
824 1529 869 1568 ἐκ
912 1529 1148 1582 πνεύματος
1178 1526 1300 1582 ἁγίου
1341 1528 1414 1569 καί
1440 1527 1618 1582 Μαρίας
1643 1527 1780 1581 τῆςαο

273 1593 499 1646 παρθένου.

379 1658 564 1700 πιστεύω
595 1658 640 1700 τὸ
669 1661 835 1711 πνεῦμα
866 1659 911 1701 τὸ
937 1657 1056 1713 ἅγιον
1095 1659 1154 1714 μή
1187 1662 1337 1712 κτίσμα
1363 1654 1471 1701 εἶναι
1493 1659 1602 1713 μηδὲ
1629 1655 1715 1700 ἑτε-

273 1720 442 1777 ρούσιον
469 1726 544 1766 τοῦ
572 1723 729 1779 πατρὸς
755 1724 830 1767 καί
854 1727 931 1768 τοῦ
956 1724 1083 1780 υἱοῦ,
1112 1723 1167 1775 ὥς
1205 1722 1226 1766 ὃ
1255 1723 1522 1774 Μακεδόνιος
1551 1723 1574 1766 ὅ
1602 1722 1715 1772 κενὸς

363 1865 396 1899 8.
430 1863 682 1911 λυτρωθῶμεν
708 1865 733 1898 Ρ

271 1991 331 2026 ut,
357 1988 503 2028 sanctis,
531 1988 593 2032 qui
618 1988 656 2022 id
683 1996 946 2033 proposuerunt
965 1996 1002 2024 et
1026 1997 1223 2031 servarunt,
1248 1996 1284 2024 et
1307 1991 1361 2031 iis,
1388 2002 1407 2023 a
1429 1990 1558 2036 quibus
1581 1991 1620 2024 hi
1643 2003 1724 2025 no-·

271 2034 387 2066 titiam
415 2034 567 2077 symboli
591 2035 805 2077 habuerunt,
831 2038 960 2071 sanctis
985 2037 1140 2083 denique
1171 2038 1335 2072 omnibus
1360 2036 1648 2082 deprecantibus,
1674 2044 1711 2072 et

222 2103 224 2110 .
270 2080 577 2115 intercedentibus
600 2083 734 2128 angelis
770 2089 806 2117 et
835 2090 947 2117 matre
972 2085 1155 2118 salvatoris
1188 2086 1302 2118 nostri
1327 2090 1363 2118 et
1387 2083 1444 2117 dei
1469 2085 1549 2117 Iesu
1579 2084 1709 2118 Christi

271 2138 410 2173 semper
432 2129 578 2173 virgine,
604 2141 675 2163 una
693 2131 914 2164 sanctissima
939 2137 975 2165 et
1000 2144 1082 2165 vera
1109 2131 1266 2177 deipara,
1288 2137 1456 2176 tanquam
1484 2130 1616 2164 donum
1640 2143 1710 2176 pu-

272 2186 347 2207 rum
385 2175 541 2220 pulcram
585 2175 676 2210 hanc
708 2178 968 2221 professionem
1003 2182 1192 2212 offerentes
1226 2179 1398 2219 trinitati,
1422 2189 1538 2222 poena
1562 2183 1708 2212 aeterna

270 2220 464 2255 liberemur
497 2229 534 2256 et
565 2223 722 2257 fruamur
757 2226 973 2269 sempiterno
1015 2237 1093 2259 cum
1131 2226 1270 2260 Christo
1308 2224 1429 2258 divino
1467 2235 1575 2270 regno
1608 2225 1707 2266 eius,

271 2268 384 2312 gloria
417 2275 454 2303 et
490 2270 649 2312 laetitia,
680 2277 851 2317 perpetuo
890 2272 1110 2306 celebrantes
1146 2273 1343 2312 Christum,
1386 2272 1497 2304 filium
1529 2271 1587 2304 dei
1623 2272 1707 2305 uni-

270 2316 451 2358 genitum,
475 2328 554 2351 cum
587 2324 690 2363 patre
707 2343 716 2360 ,
752 2319 813 2364 qui
838 2318 909 2352 fuit
940 2325 1022 2353 ante
1049 2320 1212 2361 saecula,
1249 2325 1285 2353 et
1312 2319 1439 2364 spiritu
1473 2319 1706 2352 sanctissimo.

270 2373 385 2396 amen.

360 2410 443 2443 Post
465 2409 558 2444 hanc
589 2412 699 2456 igitur
731 2411 992 2445 confessionem
1008 2437 1017 2453 ,
1044 2419 1084 2447 ut
1114 2412 1218 2446 decet
1244 2412 1361 2445 facere
1397 2423 1469 2454 eos,
1495 2413 1556 2458 qui
1578 2423 1707 2446 mona-

269 2454 406 2489 chicum
430 2457 594 2491 habitum
614 2459 779 2498 induunt,
804 2459 928 2492 addidi
952 2458 1049 2492 haec.

362 2503 467 2537 credo
501 2504 620 2538 fllium.
643 2505 701 2538 dei
729 2518 802 2539 non
828 2518 903 2540 esse
930 2512 1124 2539 creaturam
1148 2515 1215 2538 nec
1238 2505 1391 2550 tempori
1415 2504 1632 2544 subiectum,
1665 2509 1708 2539 ut

268 2551 399 2584 stultus
431 2552 528 2584 Arius
551 2552 680 2593 docet,
710 2553 774 2586 sed
798 2553 1026 2598 coaequalem
1055 2558 1092 2586 et
1115 2558 1340 2586 coaeternum
1366 2551 1434 2586 deo
1459 2552 1575 2596 patri,
1600 2551 1707 2584 deum

268 2608 390 2630 verum
417 2610 436 2631 e
462 2598 528 2632 deo
553 2610 648 2640 vere,
675 2601 845 2634 factorem
870 2601 1091 2633 saeculorum
1119 2605 1156 2632 et
1178 2605 1412 2632 creaturarum
1430 2600 1600 2639 omnium,
1625 2603 1710 2644 post

270 2650 389 2678 autem
415 2646 636 2680 incarnatum
662 2653 810 2692 propter
831 2659 897 2680 nos
924 2659 942 2680 e
968 2647 1095 2691 spiritu
1119 2651 1239 2679 sancto
1265 2651 1301 2679 et
1327 2646 1440 2679 Maria
1464 2645 1611 2689 virgine.

363 2692 466 2725 credo
493 2693 654 2739 spiritum
687 2700 847 2727 sanctum
876 2706 948 2727 non
974 2704 1050 2727 esse
1079 2698 1286 2733 creaturam,
1312 2704 1378 2726 nec
1396 2692 1572 2726 diversum
1598 2703 1617 2724 a
1641 2702 1706 2736 pa-

270 2744 322 2771 tre
348 2744 384 2772 et
408 2739 505 2780 filio,
545 2742 636 2775 sicut
662 2741 893 2775 Macedonius
931 2741 1039 2786 gratia
1080 2741 1155 2774 eius
1186 2739 1376 2774 destitutus
1410 2738 1702 2785 blasphemabat,
