1806 3190
291 117 408 193 498
699 135 919 177 ιοΛΝΝιε
961 131 1324 175 ANAGNOSTAE

292 241 485 290 τίσωμεν.
552 236 639 278 ἀλλ’
680 235 772 276 οὐδ’
810 231 941 284 οὕτως
986 233 1217 287 ἦνείχεσθε.
1285 230 1394 274 οὕτω
1431 233 1596 287 γνώμης
1627 234 1736 282 τινὲς

289 301 571 357 τετυχήκεσαν
600 299 702 356 πρὸς
729 302 812 342 πᾶν
836 298 978 341 ὁτιοῦν
998 298 1045 341 τὸ
1071 297 1249 351 τρεπτὸν
1267 302 1513 353 κεκτημένης
1540 299 1612 340 καί
1625 315 1734 351 συμ-

287 367 652 422 μεταβαλλομένης
679 371 763 415 τοῖς
785 372 946 420 καιροῖς
973 364 1045 406 καί
1066 370 1151 413 τοῖς
1184 362 1437 418 πράγμασιν.
1466 361 1556 406 ἀλλ’
1587 363 1626 406 οἱ
1656 366 1735 418 μὲν

288 436 340 476 τὰ
368 436 545 476 τοιαῦτα
578 436 710 486 λέγειν
736 429 974 486 ὁρμώμενοι
1002 432 1237 484 λογίσαιντο
1272 445 1370 472 ποτε
1400 460 1412 472 .
1445 460 1456 473 .
1489 459 1501 473 .
1536 460 1549 472 .
1580 459 1593 473 .
1623 460 1636 473 .
1667 459 1680 473 .
1719 459 1732 472 .

292 528 665 542 .........
693 498 813 552 ἡμεῖς
841 500 886 538 δὲ
915 500 996 539 τῶν
1026 497 1306 549 προκειμένων
1335 496 1538 549 ἐχόμεθα.
1746 495 1772 537 5

397 566 455 607 θ’.
514 566 693 619 Πρῶτον
723 566 796 605 καί
823 564 1020 618 δεύτερον
1061 561 1082 603 ὁ
1113 561 1344 616 Μουράτης
1372 560 1600 616 πεπραχώς
1630 559 1734 616 ὅπερ

286 631 532 686 εἰρήκειμεν,
563 628 635 671 καὶ
670 628 900 683 γράμματα
931 635 1017 677 τοῖς
1044 629 1184 681 βέλεσι
1219 626 1450 683 πεπομφώς
1477 626 1593 678 ἐντὸς
1621 632 1736 670 πλεῖ-

289 714 390 750 στα,
419 701 506 745 τοῖς
537 696 680 744 αὐτοῖς
710 691 850 748 ὅρκοις
890 694 962 735 καί
989 697 1120 735 ταῦτα
1158 692 1418 745 συνδούμενα
1450 696 1523 736 καί
1547 693 1600 736 τιὶ
1626 694 1733 737 αὐτοὶ

289 764 596 817 διαγγέλλοντα,
623 760 680 810 ὦς
707 757 805 815 ἤνυε
836 764 957 802 πλέον
989 761 1109 800 οὐδὲν
1143 760 1211 814 (οὐ
1232 759 1312 814 γάρ
1342 762 1437 813 ἐξῆν
1466 763 1736 814 βουλομένοις

208 835 371 878 336τοῖς
407 829 453 870 ἐν
497 830 546 882 τῇ
587 829 702 868 πόλει
743 830 798 883 τῷ
839 829 920 867 τῶν
960 827 1160 869 Λατίνων
1205 827 1316 876 δέει,
1349 825 1421 867 καί
1445 825 1628 878 μάλιστα
1654 829 1798 869 τιόνιο

287 896 693 949 συμπαρισταμένων
715 895 854 942 αὐτοῖς
884 892 954 932 ε’πί
969 894 1140 947 φυλακῇ
1167 894 1340 947 λῃστῶν,
1373 894 1425 948 τῇ
1453 895 1574 947 σφῶν
1601 889 1736 941 ἀδεῶς

285 959 532 1015 χρήσασθαι
571 958 759 1015 γνώμῃ),
803 961 1001 1011 τρέπεται
1038 958 1116 998 τότ’
1149 958 1192 1008 ἐξ
1231 955 1408 1012 ἀνάγκης
1435 958 1506 999 ἐπὶ
1532 956 1577 1000 τὸ
1613 963 1735 1000 πολε-

286 1031 408 1079 μεῖν,
445 1025 543 1067 οὐδὲ
580 1024 675 1066 τότε
703 1026 900 1065 τοσοῦτον
936 1022 1018 1063 α’πὸ
1053 1023 1124 1077 τῆς
1163 1024 1383 1071 α’πειθείας
1413 1026 1495 1065 τῶν
1522 1021 1638 1066 ἔνδον
1665 1023 1739 1066 καὶ

287 1094 362 1146 τῆς
395 1089 625 1139 ἐνστάσεως
669 1087 768 1131 ὅσον
807 1092 852 1131 ὲκ
896 1089 1061 1130 τούτου.
1119 1087 1244 1137 ὁλκὰς
1283 1086 1420 1144 ἐφάνη
1457 1105 1520 1138 τις
1545 1089 1737 1144 ἐξαπίνης

287 1157 497 1212 Aureum)
527 1162 643 1198 σῖτον
671 1154 829 1210 ἔχουσα
861 1154 1020 1211 φόρτον
1040 1156 1112 1196 καί
1139 1157 1368 1206 κομίζουσα
1397 1157 1544 1196 τοῦτον
1573 1156 1658 1212 [ἐν]
1687 1158 1736 1212 τῇ
1754 1151 1802 1192 15

287 1221 407 1264 πόλει
440 1221 672 1279 χρῃζούσῃ.
745 1220 782 1262 οἱ
824 1223 861 1262 δ’
894 1221 1160 1262 ὑπετόπασαν
1198 1219 1354 1275 ταύτην
1384 1218 1539 1270 ἰδόντες
1564 1221 1738 1274 συμμά-

285 1304 390 1342 χους
420 1286 534 1342 ἔχειν
562 1288 634 1329 καί
652 1283 758 1329 ὅπλα
780 1286 851 1328 διὰ
882 1285 954 1328 τὸν
983 1283 1172 1338 πόλεμον,
1209 1288 1281 1327 καί
1301 1286 1484 1335 δεδιότες
1511 1285 1584 1341 τήν
1613 1283 1739 1342 ἧτταν

288 1355 538 1408 συμμαχίας
566 1355 636 1395 ἐπὶ
663 1351 738 1408 τὴν
767 1353 887 1394 πόλιν
926 1352 1152 1406 ἐλθούσης,
1192 1349 1266 1409 ὅλῃ
1305 1354 1391 1394 δεῖν
1419 1346 1546 1410 ᾤοντο
1573 1351 1738 1407 χρήσα-

292 1423 395 1462 σθαι
438 1423 488 1477 τῇ
529 1417 686 1461 τούτων
716 1416 889 1470 δυνάμει
931 1419 1005 1458 καί
1045 1421 1140 1472 περί
1163 1416 1214 1458 τά
1247 1418 1448 1470 πολεμικὰ
1483 1420 1606 1476 τέχνῃ
1639 1420 1739 1472 πρὶν

289 1484 367 1541 τήν
394 1485 553 1527 ὁλκάδα
594 1486 954 1539 καθορμισθῆναι.
1025 1480 1172 1536 μικρὸν
1199 1486 1277 1535 μὲν
1311 1479 1384 1524 οὖν
1412 1480 1639 1539 πρότερον,
1666 1479 1737 1526 ’ὅτε
1750 1495 1804 1522 20

291 1551 362 1593 καί
403 1549 501 1600 τούς
537 1549 722 1605 κήρυκας
763 1548 970 1602 ἔπεμπεν,
1000 1548 1349 1604 ὖπεισερχόμενοι
1383 1547 1427 1591 τὸ
1462 1548 1740 1603 προτείχισμα

290 1619 417 1672 μέρος
445 1618 528 1658 ταῖν
557 1614 845 1669 πολεμούντων
875 1614 988 1669 α’ωρί
1013 1616 1095 1655 τῶν
1122 1617 1294 1666 νυκτῶν,
1326 1616 1397 1656 καί
1423 1617 1540 1656 τοῦθ’
1558 1613 1741 1668 ὑπορύτ-

291 1697 426 1732 τοντες
453 1684 499 1725 ἒν
527 1681 648 1739 ἀδείᾳ
681 1675 799 1737 (οὔτε
835 1680 914 1735 γάρ
947 1682 1010 1722 ἐπ’
1043 1680 1159 1737 αὐτῷ
1191 1677 1375 1736 φύλακες
1411 1675 1532 1735 ἦσαν,
1560 1681 1633 1722 οὐκ
1662 1681 1739 1736 ‹lq-

386 1823 422 1857 9.
444 1809 495 1851 ὥς
521 1821 578 1843 om
604 1810 634 1842 A
765 1809 814 1842 13.
843 1807 1030 1847 ἀπαθείας
1051 1808 1079 1841 Α

297 1918 393 1952 estis.
442 1918 494 1950 ita
517 1921 638 1950 mente
666 1917 832 1950 nonnulli
859 1917 1011 1962 praediti
1038 1922 1132 1959 sunt,
1161 1927 1254 1962 quae
1280 1927 1358 1949 cum
1383 1915 1548 1961 quolibet
1571 1916 1743 1949 mutatio-

295 1977 379 1999 nem
403 1964 581 1998 subeunte
607 1975 684 1997 sese
710 1965 871 1997 immutat
898 1969 934 1997 et
966 1965 1091 1997 variat.
1139 1964 1203 1996 sed
1224 1965 1286 2009 qui
1310 1963 1438 1996 similia
1464 1963 1663 2008 proferunt,
1689 1973 1746 1995 ra·

299 2014 435 2046 tionem
469 2012 590 2044 animo
627 2012 787 2056 agitent,
828 2022 899 2056 qua
925 2022 967 2044 ea
990 2012 1209 2054 enunciant3
1249 2022 1314 2044 uos
1342 2021 1424 2043 vero
1450 2010 1496 2042 ad
1519 2011 1744 2055 propositum

300 2064 531 2094 revertamur.

393 2117 426 2148 9.
476 2105 563 2138 Cum
588 2114 672 2135 vero
692 2103 762 2135 alia
786 2109 893 2148 atque
917 2104 986 2136 alia
1010 2105 1099 2145 vice,
1126 2104 1224 2148 quod
1248 2115 1353 2148 supra
1382 2103 1746 2144 commemoravimus,

301 2155 461 2187 Mun-ates
486 2151 694 2196 peregisset,
719 2151 906 2195 missisque
933 2163 1011 2183 cum
1037 2152 1174 2195 sagittis
1199 2151 1236 2184 in
1257 2151 1381 2183 urbem
1405 2151 1569 2195 plurimis
1595 2151 1746 2190 litteris,

304 2199 449 2239 eadem,
475 2205 512 2232 et
537 2197 645 2230 simili
669 2197 897 2230 iureiurando
914 2223 922 2237 ‚
949 2197 1249 2230 denunciantibus
1275 2209 1315 2230 ac
1340 2197 1628 2238 stabilientibus,
1652 2196 1748 2230 nihil

304 2247 495 2292 proficeret
520 2245 653 2291 (neque
680 2245 773 2276 enini
802 2244 951 2277 facultas
978 2251 1053 2277 erat
1081 2245 1226 2285 civibus,
1253 2245 1391 2277 etiamsi
1414 2245 1621 2285 voluissent,
1647 2243 1748 2278 Lati-

304 2305 442 2333 norum,
473 2298 509 2325 et
535 2291 752 2336 praedonum
773 2292 995 2336 potissimum
1021 2292 1238 2324 adstantium
1264 2291 1614 2337 custodientiumque
1637 2296 1749 2330 metu,

307 2352 369 2374 sua
394 2340 570 2372 sententia
590 2338 769 2382 intrepide
790 2339 868 2384 uti),
897 2339 940 2370 ad
960 2339 1092 2370 bellum
1119 2339 1252 2371 invitus
1277 2339 1483 2382 accingitur,
1508 2350 1581 2371 non
1610 2343 1749 2371 tantum

307 2386 529 2421 contumacia
547 2391 656 2429 atquc
670 2386 900 2418 contentione
921 2385 1195 2418 inhabitantium
1218 2391 1331 2417 motus
1349 2391 1522 2430 quantum
1547 2383 1750 2418 istiusmodi

309 2445 484 2468 successu.
515 2433 614 2465 navis
643 2438 789 2476 repente
808 2434 1154 2476 comparuitLatina‚
1182 2433 1360 2464 frumento
1390 2438 1530 2472 onusta,
1554 2432 1599 2464 ad
1628 2431 1751 2463 urbem

309 2480 467 2524 indigam
484 2479 706 2522 adnavigans.
738 2479 855 2511 statim
875 2485 981 2523 atque
1007 2490 1082 2511 eam
1102 2479 1201 2519 vidit,
1229 2479 1426 2522 suspicatur
1450 2480 1568 2523 copias
1596 2478 1753 2511 auxilia-

313 2539 368 2561 res
395 2533 432 2560 et
455 2538 550 2559 arma
575 2537 638 2570 pro
666 2525 902 2559 bellatoribus
927 2525 1030 2567 vehi3
1056 2525 1173 2570 deque
1200 2526 1348 2557 victoria
1377 2526 1524 2566 dubius,
1550 2526 1579 2558 si
1606 2525 1752 2558 commi-

313 2576 446 2608 litones
482 2572 815 2612 introducerentur,
840 2573 925 2605 totis
962 2572 1160 2605 conandum
1199 2583 1275 2604 esse
1311 2573 1443 2605 viribus
1476 2578 1512 2604 et
1537 2571 1753 2605 militaribus

314 2621 450 2654 artibus
475 2619 762 2665 pertentandum,
788 2626 975 2665 antequam
999 2620 1096 2651 navis
1122 2620 1158 2652 in
1183 2625 1322 2663 portum
1348 2631 1422 2652 sese
1449 2620 1606 2664 recipiat,
1631 2618 1755 2650 decer·-

315 2669 380 2701 nit.
430 2667 538 2712 paulo
564 2677 709 2711 quoque
734 2672 836 2706 ante,
861 2678 939 2698 cum
964 2677 1157 2710 praecones
1194 2667 1362 2707 mitteret,
1386 2666 1541 2699 hostium
1567 2676 1692 2698 manus
1715 2664 1754 2696 in

319 2714 529 2748 exteriorem
550 2725 689 2747 murum
713 2714 802 2747 clam
828 2714 986 2759 irrepens
1012 2718 1116 2746 noete
1136 2714 1373 2759 intempesta,
1398 2724 1550 2759 eumque
1575 2724 1638 2758 pro
1662 2717 1753 2745 nutu
