1806 3190
648 171 745 211 Lm.
774 173 805 212 1.
849 170 966 213 CAP.
1009 173 1042 211 1.
1520 155 1547 209 7

121 283 212 318 ρον·
269 268 313 316 ἐξ
351 263 417 308 ov?
439 270 717 324 ἑγεννηθησαν
753 268 841 311 υἱοὶ
866 277 997 324 τρεῖς,
1044 268 1227 324 Μιχαὴλ
1256 269 1277 311 ὅ
1310 269 1553 325 Κομνηνός,

121 336 431 381 Κωνσταντῖνος
462 333 485 374 ὁ
514 334 805 388 Παλαιολόγος
841 338 913 384 καί
935 334 1125 390 Ἰωάννης
1165 335 1556 389 διπλοπαλαιολόγοι

120 394 232 447 ὄντες
264 398 476 452 πατρόθεν
504 398 578 441 καί
601 397 828 455 μητρόθεν.
891 397 978 454 εἶχε
1006 403 1083 453 μὲν
1103 401 1329 443 κάντεῦθεν
1359 398 1558 457 ἀφορμάς

28 509 33 521 ,
120 465 180 512 εἰς
205 461 282 518 τὴν
302 463 431 518 αὐτὴν
462 463 676 517 ὑπόθεσιν,
710 463 766 513 ὥς
790 464 1017 521 εἶρήσεταν
1073 467 1325 521 οἷνδρυνθείς
1347 469 1393 509 δὲ
1425 466 1445 506 ὁ
1466 469 1558 508 Ma-

30 530 36 573 ’.
90 527 249 584 ὄχαήλ,
282 528 565 584 n9a310;‹vc‘‹3;
594 526 652 571 aiv
677 531 734 588 τῷ
761 532 1010 587 Ἀνδρονίκῳ
1041 531 1147 574 κατὰ
1173 535 1372 588 γέννησιν,
1400 532 1555 583 μεταξι)

118 596 202 637 τῶν
233 596 278 636 ἐν
305 597 416 637 τέλει
455 598 536 637 τῶν
580 590 718 656 ἄλλων
744 594 932 639 ἐπέκεινα
962 592 1022 646 εἷς
1060 594 1134 653 ἦν,
1164 597 1318 653 πολλὴν
1344 597 1452 652 ἔχων
1481 599 1562 639 τοῦ·

118 659 344 714 προσώπου
380 659 453 715 τὴν
488 659 736 717 ἱλαρότητα,
779 665 832 719 τῇ
871 662 1013 721 ὁμιλίᾳ
1057 660 1264 718 χρηστός,
1308 663 1469 712 ἀστεῖος
1506 663 1555 705 τὸ

117 722 244 782 ἦθος,
272 725 377 782 πρὸς
403 733 487 776 τοῖς
520 723 660 778 ἄλλοις
692 728 764 770 καί
792 727 867 783 τήν
903 735 1030 784 χεῖρα
1063 727 1172 784 ἔχων
1203 729 1431 786 φιλότιμον.
1489 729 1560 771 καί

119 791 190 834 διὰ
221 791 378 842 ταύτας
406 789 481 835 οὖν
509 791 584 842 τοὶς
612 794 763 849 ἀρετὰς
791 795 924 837 αὐτοῦ
952 797 1026 838 καί
1046 794 1228 851 χάριτας
1255 800 1400 838 πολλοὶ
1431 795 1558 838 αὐτὸν

20 863 21 866 ’
56 857 306 912 ςοῆγάπουν
332 859 406 900 καὶ
427 854 602 914 ἤθελον,
631 858 704 901 καί
730 861 772 901 ἐν
803 861 970 919 εὐκολία
1010 858 1166 909 πάντας
1198 860 1348 912 εἶ’λκιζε
1376 878 1558 916 στρατη-ι

115 922 215 979 γούς
254 923 484 978 ταξιάρχας
527 922 712 980 δημότας
750 925 823 967 καὶ
859 929 934 982 τῆς
961 925 1191 982 συγκλήτου
1232 926 1423 977 πολλούς.
1482 927 1552 969 διὰ

115 991 237 1032 τοῦτο
263 992 364 1044 γοῦν
393 990 594 1044 διαβολαί
613 1007 724 1041 τινες
754 993 998 1048 ἅνεφύησαν
1026 995 1116 1035 κατ’
1145 989 1296 1046 αὐτοῦ,
1339 990 1406 1034 ὅτι
1433 997 1554 1048 βασι·

116 1057 231 1106 λείας
257 1056 474 1109 ὀρέγεται·
530 1053 582 1112 ἦν
608 1056 689 1114 γὰρ
718 1056 807 1100 τότε
837 1057 858 1101 ὃ
883 1059 1122 1112 βασιλεύων
1148 1059 1365 1111 Ῥωμαίων
1387 1058 1556 1101 Θεόδω-

117 1137 192 1177 ρος
216 1122 440 1177 Ἁάσκαρις
477 1121 499 1163 ὗ
536 1124 638 1171 νέος.
709 1123 782 1166 καὶ
817 1127 954 1167 ταῦτα
991 1126 1288 1180 ψιθυρίζοντες
1316 1122 1422 1180 ἦσαν
1447 1142 1555 1175 τινες

58 1190 200 1234 ιδτῶν
230 1185 363 1244 φίλων
390 1189 548 1241 αὐτοῦ’,
578 1190 682 1243 λε’γω
713 1189 896 1245 Μιχαὴλ
923 1193 997 1232 τοῦ
1029 1193 1266 1246 Κομνηνοῦ.
1297 1188 1397 1233 ὅθεν
1426 1206 1554 1245 προσ-

115 1255 293 1309 τάγματι
327 1258 533 1311 βασιλικῷ
568 1249 743 1309 ἄγουσιν
781 1255 912 1298 αὐτὸν
947 1257 1007 1306 εἷς
1037 1259 1236 1308 ἐξέτασιν.
1306 1252 1413 1311 ἦσαν
1443 1258 1488 1298 δὲ
1517 1256 1590 1299 οἱΒ

116 1320 367 1372 ἐξετάζοντες
394 1321 415 1362 ὅ
439 1321 761 1374 ἅρχιεπίσκοπος
793 1323 1028 1378 Ἀρσένιος,
1060 1320 1082 1363 ὅ
1114 1325 1185 1364 καί
1214 1321 1554 1375 πολλάδυνιίμε-

115 1401 182 1436 νος
207 1383 296 1427 τότε
325 1383 440 1440 παρὰ
471 1388 532 1443 τῷ
571 1390 760 1441 βασιλεῖ’,
789 1390 862 1429 καί
900 1389 1032 1444 ἕτεροι
1064 1391 1147 1430 τῶν
1173 1387 1416 1442 ε’λλογᾴιων.
1473 1405 1554 1429 πα-

116 1450 268 1506 ραστὰς
298 1452 345 1493 δὲ
370 1451 554 1506 Μιχαὴλ
583 1450 605 1493 ὅ
635 1452 856 1508 Κομνηνὸς
883 1454 956 1495 καί
981 1453 1114 1495 πολλὰ
1143 1456 1368 1508 ἐρωτηθείς
1396 1452 1469 1495 καὶ
1496 1455 1554 1495 εἰ-

52 1537 104 1563 20
117 1518 262 1568 πάντες
291 1519 422 1577 αὐτῷ,
450 1515 539 1560 εἶτα
566 1519 676 1574 λέγει
705 1516 727 1559 ὅ
749 1516 1173 1575 ἀρχιεπάτκοπος“,ιιὴ
1202 1518 1281 1574 γὰρ
1309 1510 1394 1568 τοῖς
1420 1517 1556 1573 ἁμαρ-

0 1633 2 1672 Ῐ
213 1632 240 1654 ι.
266 1620 436 1666 ἐγένοντο
462 1620 500 1653 Μ
632 1631 664 1653 2.
687 1621 738 1666 τῷ
764 1620 883 1656 διπλῶ
909 1619 1153 1667 παλαιολόγοι
1174 1620 1214 1653 Μ
1340 1621 1373 1655 3.
1397 1622 1461 1655 καὶ
1488 1633 1557 1666 μη-

0 1678 1 1695 ³
185 1667 337 1714 «πράθεν
362 1678 419 1700 om
443 1666 481 1699 M
600 1667 773 1703 ἐντεῦθεν
795 1668 834 1700 Μ
939 1667 1130 1725 ᾆφορμας,
1156 1667 1206 1706 αἷς
1232 1669 1390 1713 εἴρηται,
1419 1670 1470 1706 εἰς
1492 1663 1558 1708 τὴν

205 1715 376 1757 τοιαύτην
403 1713 585 1750 ὑπόθεσιν
613 1715 652 1748 Μ
770 1715 802 1748 6.
831 1714 894 1750 τοῦ
916 1725 1124 1761 προσωπου
1150 1715 1246 1760 ἔχων
1269 1715 1308 1748 Μ
1424 1716 1456 1749 8.
1480 1709 1557 1758 πρὸ

205 1762 268 1805 τῆς
293 1760 400 1804 ἄλλης
422 1761 460 1794 Μ
580 1774 612 1806 9.
636 1761 730 1807 γοῦν
754 1761 793 1795 Μ
907 1762 1019 1797 αὐτοῦ
1045 1774 1101 1794 om
1125 1761 1164 1794 M
1263 1772 1313 1794 12.
1336 1765 1420 1807 βασ.
1446 1762 1558 1806 ἔρωτι

207 1811 382 1855 τρέφεται
403 1809 430 1841 Ρ
552 1808 602 1840 13.
631 1808 811 1856 ῥωμαίοις
842 1808 1000 1852 ἰωάννης
1024 1808 1042 1843 ὁ
1068 1809 1243 1854 βατάτζης
1264 1808 1288 1840 Ρ
1413 1810 1463 1853 14.
1488 1814 1556 1851 ψι-

205 1855 474 1902 θυρίσαντεςΜ
574 1857 622 1890 15.
646 1850 794 1901 ,Μιχαὴλ
812 1867 868 1889 om
888 1856 926 1888 M
1031 1858 1081 1891 16.
1110 1858 1148 1890 οἱ
1169 1857 1362 1898 ποιοῦντες
1387 1851 1455 1898 τὴν
1481 1855 1554 1893 ἐξέ-

205 1913 315 1937 τασιν
326 1904 364 1936 Μ
444 1915 491 1948 ¹7·
513 1900 704 1946 ’Λρσένιος
716 1903 809 1935 omP
905 1900 946 1941 ὃς
964 1903 1002 1936 Μ
1095 1914 1150 1936 20.
1174 1904 1272 1945 λέγει
1297 1902 1398 1948 αὐτῷ
1425 1901 1444 1936 ὃ
1471 1903 1553 1936 ἐπί-

207 1960 344 1989 σκοπος
367 1949 404 1982 Μ
521 1947 588 1995 μὴ]
639 1953 676 1983 ία
700 1951 733 1991 Ρ,
762 1945 910 1995 εὗγενὴς
944 1947 997 1984 ὢν
1030 1952 1094 1984 καὶ
1125 1951 1163 1989 ἐξ
1197 1948 1359 1995 εὐγενῶν
1391 1947 1555 1994 καταγό-

204 2008 334 2045 μενος·
355 1990 405 2043 μὴ
431 1996 489 2038 Μ,
518 1997 581 2041 qui
614 2008 691 2030 iaec
718 1992 792 2043 εὗγ.
818 2016 864 2022 —
887 2008 1016 2043 καταγ.
1038 2008 1121 2030 mox
1146 2007 1204 2029 om

113 2082 239 2124 postea
265 2076 460 2110 declaravit
485 2087 647 2121 magnum
673 2076 916 2110 domesticum.
942 2076 1047 2109 huius
1074 2081 1175 2109 erant
1203 2075 1268 2108 filii
1294 2080 1376 2115 tres,
1399 2073 1555 2107 Michael

116 2126 342 2163 Comnenus,
376 2122 630 2161 Constantinus
670 2124 900 2167 palaeologus
935 2129 971 2157 et
1004 2123 1205 2163 Iohannes,
1240 2122 1286 2154 ab
1311 2127 1466 2166 utroque
1492 2131 1556 2164 pa·-

114 2178 216 2205 rente
240 2171 453 2215 palaeologi.
480 2177 587 2216 atque
613 2170 656 2203 ab
676 2170 730 2203 his
745 2171 906 2215 profecta
931 2170 1045 2203 initiis
1064 2181 1149 2214 gens
1175 2169 1402 2212 Palaeologa‚
1429 2167 1556 2199 utiam

115 2218 335 2259 narrabitur,
362 2217 407 2250 ad
426 2218 614 2263 imperium
641 2218 798 2252 accessit.
822 2229 903 2250 nam
931 2217 1075 2251 adultus
1102 2215 1270 2256 Michael,
1297 2216 1392 2248 filius
1417 2213 1558 2246 Andro-

115 2266 189 2299 nici
217 2271 301 2298 natu
325 2264 518 2306 maximus,
558 2276 648 2297 unus
683 2265 776 2298 inter
802 2275 923 2297 omnes
957 2275 1121 2309 proceres
1151 2261 1374 2302 excellebat,
1407 2260 1556 2305 insignis

118 2313 294 2345 suavitate
320 2312 409 2351 oris,
439 2311 710 2345 consuetudinis
746 2313 935 2351 comitate,
967 2323 1102 2344 morum
1130 2310 1306 2354 elegantia
1334 2314 1370 2341 et
1394 2307 1559 2345 liberali..

116 2364 192 2392 tate
217 2360 363 2403 insuper
387 2358 628 2402 largitionum.
654 2363 802 2403 propter
824 2358 887 2391 has
914 2359 989 2391 eius
1006 2359 1156 2391 virtutes
1175 2363 1211 2390 et
1236 2356 1365 2401 gratias
1391 2365 1411 2386 a
1434 2353 1558 2387 multis

118 2405 339 2450 diligebatur
373 2411 409 2438 et
436 2405 643 2438 habebatur
668 2417 790 2447 carus,
822 2406 934 2450 inque
968 2406 1024 2438 sui
1063 2404 1219 2438 studium
1247 2413 1369 2435 omnes
1391 2400 1559 2434 trahebat

118 2453 245 2493 duces,
283 2453 534 2492 centuriones,
575 2451 760 2497 plebeios,
794 2463 835 2485 ac
859 2453 1028 2485 senatorii
1067 2451 1202 2484 ordinis
1224 2449 1431 2494 permultos.
1461 2447 1558 2480 unde

117 2499 283 2532 adversus
301 2510 379 2532 eum
397 2500 661 2532 criminationes
682 2499 856 2543 quaedam
873 2500 1028 2532 affectati
1052 2498 1191 2543 imperii
1209 2501 1313 2529 natae
1339 2500 1434 2536 sunt,
1460 2493 1559 2531 quod

117 2552 191 2580 tum
207 2546 418 2580 Theodorus
436 2546 594 2579 Lascaris
612 2547 728 2579 minor
750 2547 906 2580 tenebat.
926 2546 1012 2579 talia
1037 2546 1098 2589 qui
1127 2547 1357 2582 susm-tarent,
1386 2542 1424 2575 in
1445 2541 1556 2586 ipsius

116 2593 397 2626 numerabantur
424 2594 546 2626 amicis
564 2618 573 2634 ‚
597 2594 635 2626 in
661 2593 782 2626 amicis
797 2619 806 2634 ‚
830 2594 987 2639 inquam,
1011 2591 1198 2624 Michaelis
1224 2588 1406 2623 Comneni.
1432 2589 1556 2633 itaque

118 2641 213 2672 iussu
240 2641 464 2685 imperatoris
478 2646 626 2674 vocatur
649 2641 688 2673 in
715 2641 971 2685 quaestionem.
999 2638 1182 2671 habebant
1209 2647 1284 2669 eam
1308 2635 1558 2681 quaestionem

120 2687 285 2720 Arsenius
309 2687 610 2732 archiepiscopus,
635 2687 733 2721 cuius
758 2699 885 2731 magna
909 2692 985 2720 tum
1008 2685 1103 2730 apud
1126 2685 1374 2729 imperatorem
1403 2682 1558 2715 auctori-

120 2738 173 2766 tas
196 2739 293 2775 erat,
319 2739 356 2767 et
379 2734 441 2767 alii
465 2735 530 2767 viri
556 2734 724 2768 illustres.
754 2733 946 2768 adductum
966 2731 1181 2766 Michaelem
1203 2729 1422 2764 Comnenum
1447 2729 1558 2762 multa
