1806 3190
330 196 442 250 228
731 206 958 247 Gssonon
1007 202 1325 245 PHRANTZAE

1222 302 1243 316 ἢ

327 313 404 355 δύο
434 305 639 364 ἄρχοντας
662 307 706 348 ἐν
732 308 788 362 τῷ
817 305 1003 361 ὀφφικίῳ
1034 301 1059 343 ὃ
1088 301 1188 358 ἔχω,
1217 318 1238 344 ο
1272 302 1348 344 οιῖκ
1366 295 1515 357 ἦθελα.
1573 303 1666 344 ἀλλ’
1698 302 1765 344 ἵνα

325 378 545 432 βεβαιωθῇ
572 371 593 413 ὅ
629 372 746 425 λόγος
771 386 869 423 μου,
897 367 953 419 ὡ’ς
964 384 1038 423 μοι
1058 368 1225 424 εἴρηκας
1246 366 1360 422 κάγώ
1393 369 1606 422 ὀρέγομαι,
1634 368 1677 410 εἰ
1698 384 1765 410 και

328 441 504 498 ἀρεστόν
534 442 622 482 ἐστι
647 437 702 494 τῷ
734 438 914 493 αὐθέντῃ
940 451 1023 490 μου
1052 436 1110 492 τῷ
1136 439 1316 489 βασιλεῖ’,
1345 435 1593 490 εύεργετήσῃ
1620 449 1694 486 μοι
1720 433 1764 476 τὰ

328 511 528 566 ὀφφίκιον
554 506 628 547 τοῦ
656 501 842 558 μεγάλου
870 502 1220 544 κοντοσταύλου.”
1274 502 1347 542 καί
1375 495 1508 548 οὕτως
1530 500 1720 555 (ἐπῆλθεν
1746 500 1765 540 ὁ

328 573 526 627 Νοταρᾶς
574 572 647 613 καί
684 571 860 625 ἀνέφερε
899 567 1035 610 πάντα
1063 570 1122 625 τῷ
1149 570 1336 620 βασιλεῖ’
1404 564 1427 606 ὅ
1454 567 1500 608 δὲ
1527 567 1765 620 α’ποκριθείς

324 636 440 682 εἶπεν
468 638 584 693 αύτῷ
614 633 747 677 “azimi
785 635 866 688 γὰρ
895 632 939 676 τὸ
983 635 1182 689 ὀφφίκιον
1209 633 1260 673 ου’
1288 633 1445 683 δίδωμι
1473 630 1626 684 ου’ὃενί,
1656 626 1717 673 ὅτι
1747 627 1765 672 ὁ

323 705 468 759 πρώην
498 719 580 757 μου
620 700 821 755 πενθερός
861 702 951 742 ἑστι
990 702 1120 753 μέγας
1153 696 1480 751 κοντόσταυλος,
1521 693 1698 751 γεγονώς
1726 697 1766 739 ἐι

323 774 374 827 τῇ
402 766 709 825 Πελοποννήσῳ
749 765 867 820 παρ-οὶ
907 767 981 807 τοῦ
1021 767 1227 818 βασιλέως
1270 765 1347 805 τοῦ
1379 762 1533 818 πατρός
1571 777 1672 816 μου,
1701 757 1766 804 ὅτε

324 833 527 894 ᾠκοδόμει
571 833 644 875 τὸν
667 829 848 884 Ἰσθμόν.
917 829 1022 885 πλὴν
1052 830 1174 873 δώσω
1205 830 1321 887 αὐτῷ
1350 831 1488 882 ἕτερον
1518 831 1662 882 μεῖζον
1689 827 1766 882 ὄφ-

326 905 488 957 φίκιον,
522 899 566 942 τὸ
601 901 677 941 τοῦ
706 899 891 951 μεγάλου
931 896 1201 950 λογοθέτου.”
1264 892 1285 936 ὃ
1326 896 1373 936 δὲ
1401 893 1501 946 δοὺξ
1530 893 1766 949 ἀποκριθεὶς

325 964 414 1009 εἶπε
437 964 538 1007 ί(καί
573 965 620 1006 τί
657 962 875 1018 γενήσεται
917 961 1022 1014 μετὰ
1050 963 1124 1003 τοῦ
1150 960 1452 1015 Παλαιολόγου
1480 961 1555 1002 τοῦ
1583 961 1766 1014 Metoni-

323 1030 448 1084 wv'‘‚·
481 1030 503 1072 ὅ
534 1031 729 1084 Νοταρᾶς
755 1025 868 1070 εἶπεν
897 1027 960 1070 ἔτι
989 1029 1046 1084 τῷ
1073 1031 1244 1080 βασιλεῖ’
1264 1026 1333 1069 ἵνα
1367 1023 1618 1082 εὕεργετήσῃ
1646 1038 1699 1079 με
1728 1024 1766 1067 τί

324 1101 399 1141 τοῦ
420 1096 604 1151 μεγάλου
634 1096 931 1149 πριμικηριόυ,
974 1089 997 1133 ὅ
1026 1095 1110 1136 ἐστι
1139 1091 1244 1145 μετὰ
1285 1090 1333 1134 τὸ
1365 1093 1443 1134 τοῦ
1469 1091 1752 1147 στρατοπεδάρ

325 1180 421 1218 χου,
451 1164 523 1204 καί
551 1163 603 1203 ου’
630 1163 764 1211 τοῦτο,
798 1162 916 1209 λέξας
945 1155 1008 1200 ὅτι
1035 1159 1060 1212 ἦ
1089 1159 1283 1211 βασιλεία
1303 1173 1379 1199 σου
1410 1156 1577 1212 ζητήσει
1604 1158 1680 1199 τοῦ
1708 1158 1766 1198 δε-

330 1228 486 1271 σπότου
529 1228 606 1268 τοῦ
637 1227 827 1280 α’δελφοῦ
863 1240 939 1266 σου
969 1225 1167 1278 ἐποίησας
1209 1222 1576 1278 στρατοπεδάρχην
1606 1222 1675 1265 τὸν
1702 1225 1765 1265 toi

332 1293 687 1346 Καντακουζηνοῦ
713 1289 806 1332 υἱὸν
838 1289 908 1332 διὰ
937 1288 1010 1343 τὴν
1026 1291 1314 1344 συγγαμβρίας
1344 1290 1584 1342 συγγένειαν
1607 1289 1680 1330 καί
1705 1290 1766 1330 διο

332 1359 404 1403 τὸν
433 1356 788 1414 πρωτοστροίτορα
815 1354 887 1398 τὸν
915 1352 1068 1398 ἑαυτοῦ
1097 1356 1256 1408 πατέρα
1277 1371 1287 1381 ·
1362 1357 1433 1396 καί
1459 1352 1532 1396 ἐὰν
1560 1351 1696 1410 ὸάὅοῃς
1720 1354 1765 1410 “i

334 1426 531 1480 Φραντζῇ
558 1421 602 1465 τὸ
633 1424 820 1464 τοιοῦτον
860 1421 1081 1477 ὄφφίκιον,
1121 1416 1144 1461 ὅ
1173 1421 1262 1462 ἐστι
1286 1422 1453 1474 πρῶτον
1494 1422 1570 1460 τοῦ
1594 1415 1765 1473 μεγάλοι

331 1489 728 1546 στρατοπεδάρχου,
767 1488 815 1530 τί
835 1486 1072 1542 γενήσεταις
1101 1482 1211 1540 ὅμως
1238 1487 1277 1528 εἰ
1305 1484 1476 1541 ἀρεστόν
1505 1487 1591 1527 ἐστι
1619 1488 1672 1542 τῇ
1699 1487 1765 1538 βα-

331 1558 464 1613 σιλείᾳ
488 1570 579 1608 σου,
610 1555 876 1609 εὖεργέτησον
898 1554 1007 1608 αὐτῷ
1037 1551 1083 1593 τὸ
1106 1554 1182 1594 τοῦ
1205 1553 1386 1606 μεγάλου
1402 1553 1673 1606 πριμικηρίου
1698 1552 1764 1606 όφ-

335 1626 488 1678 φίκιον,
523 1617 548 1660 δ’
577 1623 666 1662 ἐστι
693 1619 796 1672 μετὰ
828 1617 874 1661 τὸ
904 1620 979 1659 τοῦ
1006 1615 1190 1671 μεγάλου
1221 1615 1624 1670 στρατοπεδάρχου.”
1678 1615 1699 1657 ὃ
1731 1618 1764 1658 δι

334 1685 535 1742 βασιλεὺς
577 1681 690 1727 εἶπεν
727 1685 750 1700 “
762 1682 841 1740 ἐγώ
869 1699 934 1726 σοι
963 1688 1161 1740 προεῖπον
1187 1678 1248 1725 ὅτι
1277 1681 1299 1723 ὃ
1331 1682 1551 1737 Φραντζῆς
1580 1681 1632 1723 οὔ
1662 1682 1764 1736 δέχε·

437 1836 464 1857 ι.
490 1822 624 1866 ἤθελον
649 1823 672 1856 Ρ
766 1834 799 1855 2.
825 1822 930 1869 λόγος
955 1822 998 1858 ὄν
1020 1835 1087 1868 μοι
1110 1823 1135 1855 Ρ
1250 1834 1284 1867 9.
1311 1821 1497 1868 ὅφφίκιον
1519 1807 1577 1854 om
1602 1820 1628 1854 P
1728 1832 1762 1854 ιι

430 1871 495 1906 τοῦ
518 1870 780 1916 Παλαιολόγου
805 1881 862 1902 om
885 1870 922 1902 M
1020 1880 1068 1902 12.
1097 1868 1115 1903 ὃ
1137 1869 1311 1917 Νοταρᾶς
1337 1888 1384 1895 -
1406 1869 1510 1908 agag
1534 1878 1591 1900 om
1615 1867 1653 1900 M
1726 1868 1764 1901 16
1805 1897 1806 1900 ,

431 1918 498 1953 τοῦ
522 1916 763 1965 συγγάμβρου
788 1918 812 1951 Ρ
911 1918 962 1951 ι8.
992 1915 1134 1964 ῳρατζῇ
1161 1916 1186 1950 Ρ

339 2025 510 2070 plurimas
539 2025 734 2057 calumnias
772 2029 810 2057 et
833 2024 1098 2057 criminationes
1136 2027 1302 2069 expertus
1332 2033 1407 2055 sum
1438 2033 1479 2055 ac
1503 2021 1659 2067 pertuli,
1694 2019 1763 2067 qui.

341 2073 404 2105 alii
432 2072 501 2105 duo
525 2082 690 2117 proceres
716 2071 753 2103 in
777 2070 892 2104 officio
930 2077 1066 2111 essent,
1094 2070 1191 2117 quod
1216 2069 1357 2103 habeo:
1385 2069 1423 2101 id
1449 2068 1546 2114 quod
1570 2068 1684 2101 nolui.
1709 2069 1759 2102 ita
1791 2085 1806 2106 ,ι

341 2129 425 2164 que,
449 2124 490 2152 ut
514 2125 678 2152 eventum
698 2117 828 2150 habeat
851 2119 963 2151 oratio
989 2129 1079 2159 mea,
1106 2116 1248 2163 quando
1273 2122 1312 2150 tu
1329 2116 1379 2148 ita
1403 2116 1518 2156 iubes,
1543 2115 1650 2160 cupio
1675 2115 1758 2160 equi
1787 2139 1790 2143 .

342 2166 442 2206 dem,
478 2166 508 2198 si
547 2165 773 2211 imperatori,
800 2163 945 2198 domino
977 2176 1077 2206 meo,
1109 2169 1292 2208 acceptum
1321 2163 1386 2203 sit,
1421 2168 1463 2196 ut
1487 2163 1670 2208 impertiat
1692 2161 1764 2195 mih

341 2224 472 2245 munus
497 2213 614 2257 magui
638 2210 889 2245 contostauli.'’
916 2213 965 2245 ita
993 2212 1158 2245 discessit
1172 2211 1323 2244 Notaras
1349 2216 1385 2242 et
1408 2215 1535 2242 cuncta
1562 2209 1690 2242 retulit
1714 2209 1763 2242 im
1788 2225 1792 2236 ν

342 2259 522 2304 peratori:
547 2260 609 2305 qui
637 2258 724 2292 haec
750 2259 782 2290 ei
806 2258 990 2303 respondit
1010 2258 1135 2291 “illud
1161 2257 1306 2302 quidem
1334 2268 1463 2289 munus
1489 2256 1622 2290 nemini
1644 2256 1761 2301 imper
1786 2269 1792 2283 ι

343 2307 408 2346 tio,
435 2307 605 2351 quoniam
629 2306 799 2350 pristinus
828 2306 939 2338 affinis
972 2316 1071 2338 meus
1096 2315 1242 2348 magnus
1275 2304 1519 2337 contostaulus
1545 2308 1609 2344 est,
1633 2307 1760 2336 ornatu

347 2363 389 2385 ea
411 2352 585 2396 dignitate
606 2353 643 2385 in
666 2352 912 2397 Peloponneso
936 2363 956 2384 a
982 2359 1080 2397 patre
1105 2362 1184 2385 meo
1209 2352 1423 2396 imperatore
1439 2376 1449 2391 ,
1476 2361 1586 2395 quum
1611 2348 1763 2382 Isthmum
1790 2372 1794 2380 0

345 2401 512 2432 muniret.
552 2410 673 2432 verum
708 2398 800 2431 dabo
833 2399 887 2431 illi
927 2399 1026 2431 aliud
1063 2400 1175 2431 maius
1210 2409 1358 2437 munus,
1390 2397 1507 2440 magni
1542 2394 1762 2440 logothetae-²
1790 2415 1791 2418 =

346 2451 421 2479 tum
447 2445 519 2479 dux
535 2445 652 2491 “quid
675 2444 814 2490 igitur,”
840 2446 969 2491 inquit,
994 2445 1064 2478 “de
1089 2446 1296 2489 Palaeologo
1321 2443 1518 2477 Metoehita
1541 2441 1653 2477 fiet?'’
1676 2441 1761 2476 addi

348 2492 484 2538 (litque,
502 2498 543 2527 ut
565 2493 682 2537 magni
706 2492 898 2539 primicerii
922 2504 1061 2533 munus,
1090 2491 1184 2537 quod
1218 2498 1298 2536 post
1322 2490 1633 2535 stratopedarchae
1654 2499 1763 2523 muno

347 2540 517 2584 sequitur,
541 2550 614 2573 non
630 2539 708 2582 hoc,
730 2538 816 2572 mihi
841 2539 951 2572 daret.
969 2538 1077 2584 “ipsa
1092 2537 1217 2578 enim‚''
1234 2539 1364 2584 inquit,
1383 2537 1572 2570 “maiestas
1586 2542 1653 2570 tua.
1665 2537 1753 2570 fratr
1804 2558 1806 2573 .

348 2585 518 2631 despotae
554 2592 678 2630 rogatu
716 2585 1039 2631 stratopedarcham
1078 2586 1194 2618 fecisti
1229 2584 1464 2618 cantacuzeni
1496 2584 1610 2617 filium
1633 2588 1763 2629 propt·

347 2632 552 2667 affinitatem
580 2639 618 2666 et
640 2638 775 2679 patrem
808 2633 883 2666 eiu·
908 2638 1210 2678 protostrator-em.
1266 2632 1460 2664 Phrantzae
1487 2631 1594 2674 igitur
1617 2630 1647 2663 si
1669 2628 1740 2663 ded

348 2679 395 2710 ris
422 2678 488 2712 hoc
513 2679 677 2719 officium,
702 2678 799 2725 quod
820 2680 932 2713 maius
956 2685 1010 2712 est
1029 2679 1203 2724 dignitate
1227 2676 1549 2723 stratopedarchae‚
1574 2675 1662 2722 quid
1681 2677 1760 2710 futu
1783 2691 1785 2694 ·

349 2735 422 2757 rum
449 2726 530 2759 est?
555 2726 618 2759 sed
654 2732 794 2768 tamen,
830 2726 860 2760 si
884 2727 1004 2772 placet
1044 2727 1094 2760 ita
1119 2726 1296 2758 maiestati
1322 2731 1422 2765 tuae,
1447 2724 1563 2768 magni
1590 2724 1736 2769 primice
1756 2722 1763 2732 ”

348 2781 477 2806 munus
501 2772 558 2805 illi
586 2773 746 2819 imperti,
764 2773 863 2820 quod
881 2784 1006 2820 magno
1031 2772 1339 2820 stratopedarchae
1362 2771 1563 2818 proximum
1585 2768 1672 2805 est.”
1695 2771 1741 2804 co‘

1802 2132 1806 2154 ι

1802 2180 1806 2201 1

1802 2227 1806 2247 ε

1802 2273 1806 2317 ι

1802 2321 1806 2342 ι

1802 2368 1806 2389 ι

1802 2415 1806 2449 1

1802 2464 1806 2482 1

1803 2509 1806 2542 l
