1806 3190
550 187 648 226 LlB.
678 188 709 224 1.
750 184 870 226 CAP.
894 185 1017 224 xxxi.
1372 230 1374 233 Ι
1437 161 1505 236 75

28 313 30 315 >
77 301 181 338 σμον
208 281 379 326 ἅπαντα.
409 283 481 325 καὶ
507 279 776 326 ὑποκάτωθεν
804 284 881 323 τοῦ
911 283 1086 335 δένδρου
1114 283 1264 335 σκέπης
1292 281 1509 336 καθήμενα

75 348 183 408 ἦσαν
211 351 293 392 πᾶν
334 348 523 392 πετεινὸν
549 346 776 401 πτερωτόν,
814 349 885 388 καί
912 350 1039 399 μέσον
1063 350 1147 390 τῶν
1173 350 1332 403 πτηνῶν
1357 344 1511 389 τούτων

75 418 158 459 τῶν
178 417 341 456 πολλῶν
367 417 439 457 καί
456 414 751 470 ἀναριθμήτων
779 415 854 454 καί
874 429 981 461 τινες
1011 414 1128 456 ἇετοί
1152 414 1342 469 ὖπῆρχον
1369 415 1515 468 μικροί

75 497 122 524 τε
151 482 224 522 καί
251 478 439 534 μεγάλοι.
513 481 558 522 ἐκ
594 477 808 533 μακρόθεν
846 479 892 519 δὲ
933 480 977 529 ἐξ
1005 481 1195 529 ἐναντίας
1233 482 1312 521 τοῦ
1338 480 1510 532 δένδρου

36 545 210 600 δὲτεροι
238 541 354 587 ἆετοί
373 561 478 595 τινες
507 540 614 600 ἦσαν
643 542 890 599 καθήμενοι,
919 543 1191 595 σκοπεύοντες
1219 544 1295 600 τήν
1315 547 1392 588 τοῦ
1420 547 1512 588 δέν-

74 614 176 666 δρου
205 612 431 666 καλλονήν,
478 611 551 652 καί
576 609 675 660 τοὺς
705 608 854 659 αἐτοὺς
876 611 949 652 καί
976 609 1030 651 τὰ
1059 610 1189 665 πτηνοὶ
1222 611 1272 653 τὰ
1297 611 1510 654 ὑποκάτω-

71 680 149 720 θεν
175 677 233 727 ὥς
260 678 372 731 τάχα
399 675 662 732 μεμφόμενοι
681 676 918 730 κατεγέλων.
974 678 1048 716 καί
1072 674 1151 730 οἷὴρ
1179 678 1257 729 μέν
1277 693 1340 725 τις
1367 679 1412 719 ἐκ
1439 679 1512 731 τῆς

70 745 145 784 τοῦ
176 744 351 796 δένδρου
381 741 502 797 ῥίζης
543 739 776 797 ἐνεφύσησε
811 739 920 782 πάνυ
957 743 1177 796 σφοδρῶς,
1203 740 1275 783 κ-αἰ
1297 738 1514 796 οἷστραπαί

71 807 144 850 καὶ
168 810 344 862 βρονταί
370 808 442 849 καὶ
466 806 626 861 χειμών
654 805 805 856 πολύς·
846 805 885 850 οἱ
916 807 963 848 δὲ
992 808 1107 848 αἐτοί
1130 807 1176 848 ἐκ
1202 809 1368 860 μακροῦ
1395 806 1512 849 ἱστά-

32 891 60 922 n
70 888 200 928 μενοι,
225 872 285 927 μὴ
316 871 539 925 δυνάμενοι
567 871 796 927 ὑποφέρειν
824 871 902 926 τήν
930 873 1008 918 τοῦ
1035 870 1269 926 πνεύματος
1293 874 1513 926 καταιγίὸα

71 939 143 981 καί
168 939 243 981 τοῦ
268 940 476 992 χειμῶνος
507 935 554 979 τὸ
580 935 776 992 ἰσχυρόν,
808 939 1003 987 θέλοντες
1029 936 1102 979 καὶ
1125 937 1185 992 μή
1211 940 1402 987 θέλοντες
1431 936 1510 979 ὑπὸ

12 1046 13 1050 ,
69 1003 148 1060 τὴν
170 1007 325 1059 σκέπην
343 1006 415 1045 καί
432 1003 556 1046 αὖτοί
579 1005 657 1047 τοῦ
679 1005 854 1058 δένδρου
871 1005 949 1046 τοῦ
969 1006 1223 1057 θαυμαστοῦ
1251 1007 1324 1046 καί
1347 1004 1513 1046 εὔσκιο-

68 1070 232 1126 φύλλου
261 1066 417 1125 ἦλθον·
495 1064 554 1112 ὧν
595 1071 720 1112 τινῶν
763 1070 801 1111 οἱ
837 1064 984 1124 ὄνυχες
1019 1072 1065 1112 ἐκ
1101 1072 1178 1112 τοῦ
1202 1071 1408 1124 χειμῶνος
1435 1070 1513 1110 τοῦ

65 1137 220 1178 πολλοῦ
245 1137 532 1191 ἐκλείσθησαν,
560 1138 682 1178 τινῶν
720 1137 766 1178 δὲ
794 1134 838 1177 αἱ
875 1138 1076 1191 πτέρυγες
1101 1133 1251 1180 ἔπεσον
1275 1134 1348 1177 καί
1374 1134 1512 1176 οὖκέτι

14 1204 55 1246 “5
66 1200 263 1244 ἐδύναντο
291 1203 517 1255 πέτεσθαι,
556 1203 663 1251 τινὲς
704 1203 751 1243 δὲ
781 1201 920 1244 αὐτῶν
955 1204 1029 1244 καί
1048 1201 1092 1244 τὸ
1122 1199 1305 1244 καθόλου
1334 1201 1511 1256 ἑνεκριό-

64 1269 211 1322 θησαν.
241 1264 416 1317 ἔξυπνος
443 1269 490 1308 δὲ
515 1265 733 1321 γενόμενος
760 1266 869 1320 μετὰ
899 1267 1032 1323 φόβου
1051 1267 1094 1310 τὸ
1126 1264 1265 1322 ὅραμα
1291 1283 1370 1310 τινι
1405 1268 1512 1309 ἄνει·

68 1333 238 1389 ροκρίτῃ
269 1335 326 1390 τῷ
345 1332 422 1387 τὴν
449 1333 724 1387 ἀστρολογίαν
749 1334 808 1382 εἰς
836 1329 963 1388 ἄκρον
988 1336 1308 1390 γεγυμνασμένῳ
1335 1337 1513 1387 προσελ-

70 1399 162 1440 θών
189 1396 425 1452 διηγήσατο.
481 1396 610 1447 αὐτὸς
643 1399 689 1440 δὲ
716 1399 761 1439 ἐκ
789 1401 861 1453 τῆς
895 1401 979 1440 τῶν
1009 1401 1226 1453 πλανητῶν
1251 1401 1324 1439 καί
1353 1399 1514 1456 ζῳδίων

68 1462 143 1505 καὶ
170 1462 357 1518 α’στέρων
395 1463 595 1518 κινήσεως
637 1463 844 1519 γνωρίσας
881 1461 992 1506 εἶπεν
1026 1465 1140 1521 αὐτῷ
1181 1461 1313 1512 οὕτως
1329 1463 1397 1505 “oi
1424 1462 1507 1509 ὑπὸ

28 1531 147 1575 οσοῦ
173 1527 446 1582 καταγόμενοι
473 1533 661 1582 βασιλεῖς
687 1530 862 1583 μεγάλοι
890 1531 943 1570 δι’
974 1531 1114 1584 ὀλίγου
1143 1531 1409 1584 γενήσονται,
1438 1532 1511 1570 καί

65 1594 93 1649 ἦ
124 1597 319 1648 βασιλεία
348 1595 486 1637 αὐτῶν
516 1597 610 1636 λίαν
639 1592 957 1649 αὖξυνθήσεται4
977 1597 1022 1638 ἐν
1051 1598 1110 1652 τῷ
1137 1595 1302 1653 κόσμῳ,
1329 1595 1402 1637 καί
1426 1595 1509 1636 αὐ..

64 1660 214 1710 θέντας
258 1661 330 1702 καί
364 1663 549 1713 βασιλεῖς
592 1658 760 1716 ἑτέρους
806 1660 1068 1703 δουλώσουσι
1108 1660 1181 1702 καί
1207 1659 1408 1712 ἐξώσουσι
1436 1662 1509 1715 τῆς

159 1794 191 1837 4.
218 1793 259 1827 ἐκ
281 1805 338 1826 om
365 1794 387 1828 P
501 1794 543 1829 δέ
563 1804 660 1831 τινες
685 1794 721 1834 ἐξ
745 1794 769 1826 P
863 1796 894 1829 5.
917 1793 1038 1838 ἕτεροι
1063 1813 1110 1819 -
1133 1793 1379 1833 σκοπεύοντες
1403 1804 1460 1826 om
1487 1793 1510 1825 P

153 1837 359 1920 (ἒπέιξτεινιὶ
386 1841 408 1874 Ρ
528 1852 559 1884 7.
585 1838 678 1885 ἀνὴρ
702 1842 727 1873 P
827 1852 877 1886 ¹7·
902 1842 1122 1888 γευσαμένῳ
1152 1837 1273 1878 ἐλθών
1299 1840 1337 1873 Μ
1459 1850 1507 1883 ¹9.-

69 1981 164 2015 neris
182 1987 218 2015 et
230 1981 410 2024 mollibus,
427 1987 463 2016 et
477 1982 595 2016 radice
612 1983 746 2027 solida3
765 1984 866 2017 brevi
880 1984 1071 2017 intervallo
1088 1984 1226 2018 arboris
1240 1984 1328 2017 rami
1341 1983 1431 2016 adeo
1443 1995 1506 2015 an-

67 2034 325 2069 succreverant,
343 2034 384 2062 ut
397 2035 511 2062 totum
527 2030 649 2063 orbem
666 2037 837 2063 terrarum
853 2031 1062 2065 viderentur
1073 2030 1254 2075 obtegere.
1269 2030 1334 2064 sub
1350 2031 1508 2075 tegmine

65 2074 201 2108 arboris
222 2087 326 2108 omne
345 2087 453 2119 genus
467 2078 649 2110 volucrum
667 2078 886 2118 consederat,
913 2079 949 2110 in
967 2089 1116 2123 quarum
1135 2077 1389 2111 innumerabili
1414 2078 1508 2110 mul-

64 2121 222 2154 titudine
240 2123 345 2155 etiam
365 2123 506 2167 aquilae
525 2124 667 2168 aliquot
683 2130 719 2157 et
736 2136 866 2169 parvae
884 2131 920 2158 et
937 2136 1085 2169 magnae
1109 2131 1220 2158 erant.
1244 2124 1382 2170 procul,
1409 2135 1428 2157 e
1452 2135 1509 2156 re-

62 2168 168 2212 gione
192 2168 339 2209 arboris,
364 2170 458 2202 aliae
482 2171 623 2216 aquilae
653 2171 902 2211 consederant,
928 2171 1065 2204 arboris
1094 2172 1399 2216 pulchritudinem
1421 2182 1509 2203 con-

61 2215 288 2259 templantes,
315 2220 352 2248 et
378 2217 506 2250 alteras
530 2218 623 2258 illas,
646 2229 739 2263 quae
756 2215 964 2251 sub‘arbore
982 2223 1095 2259 erant,
1113 2219 1253 2264 aquilas
1273 2219 1508 2262 volucresque

61 2261 324 2306 qumlammodo
344 2262 559 2297 deridentes.
583 2275 666 2297 mox
682 2277 700 2297 a
716 2265 835 2299 radice
859 2265 994 2298 arboris
1016 2271 1144 2298 ventus
1171 2265 1506 2298 vehementissimus

60 2313 204 2341 exortus
229 2314 300 2348 est,
340 2315 377 2343 et
415 2311 662 2344 excitabantur
694 2311 834 2356 fulgura
858 2318 895 2345 et
918 2314 1079 2345 tonitrua
1107 2311 1144 2345 et
1167 2313 1278 2356 gravis
1304 2316 1505 2355 tempestas.

60 2355 227 2398 aquilae,
251 2366 344 2399 quae
370 2358 496 2401 procul
520 2364 638 2398 erant,
671 2370 780 2403 quum
802 2360 985 2404 procellae
1014 2360 1187 2404 impetum
1214 2365 1250 2392 et
1273 2359 1343 2390 vim
1367 2364 1507 2402 tempe-

59 2401 159 2434 statis
180 2403 358 2435 sustinere
385 2415 458 2436 non
481 2411 649 2449 possent,
675 2406 775 2450 ipsae
814 2417 979 2451 quoque,
1004 2406 1231 2450 quantumvis
1256 2411 1415 2448 gravate,
1438 2405 1506 2437 sub

58 2452 202 2491 tegmen
224 2448 442 2483 admirabilis
467 2457 503 2483 et
527 2453 665 2496 egregie
687 2453 872 2486 umbrosae
910 2452 1045 2486 arboris
1069 2464 1106 2486 se
1134 2457 1353 2496 receperunt.
1381 2450 1507 2485 harum

60 2494 142 2527 aliis
174 2506 308 2539 ungues
343 2497 378 2528 vi
409 2500 629 2542 tempestatis
667 2500 768 2533 fracti
793 2505 913 2539 erant,
939 2500 1020 2532 aliis
1044 2511 1183 2544 pennae
1212 2497 1437 2539 deciderunt,
1466 2504 1508 2531 ut

59 2551 133 2574 non
158 2541 226 2574 iam
250 2549 397 2586 possent
423 2546 563 2585 volare,
590 2546 681 2579 aliae
707 2547 864 2591 (lenique
889 2547 995 2591 plane
1022 2552 1124 2579 erant
1146 2546 1354 2579 exstinctae.
1376 2555 1508 2590 exper-

58 2587 216 2630 gefactus
242 2589 446 2633 Ertogrules
483 2597 520 2624 et
545 2594 728 2636 perculsus
743 2594 876 2634 animo,
901 2593 1115 2626 somniorum
1137 2593 1368 2636 interpretem
1394 2598 1507 2625 astro-

59 2634 176 2678 logiae
200 2635 453 2679 peritissimum
477 2638 588 2680 adiit,
628 2640 732 2685 eique
772 2641 885 2673 visum
921 2640 1107 2672 enarravit.
1136 2640 1163 2671 is
1184 2665 1191 2679 ‚
1219 2650 1262 2671 ex
1280 2639 1505 2683 planetarum

60 2686 97 2712 et
121 2680 276 2714 siderum
312 2684 568 2730 stellarumque
604 2687 759 2721 motibus
797 2699 833 2720 re
860 2687 1025 2730 cognita,
1058 2686 1107 2718 sic
1145 2686 1353 2730 respondite
1383 2685 1428 2718 “a
1470 2692 1504 2718 te

9 2748 10 2751 κ
60 2727 203 2761 oriundi
227 2739 326 2772 reges
365 2730 462 2764 brevi
500 2738 660 2777 tempore
696 2736 812 2778 magni
851 2733 1001 2767 evadent.
1029 2743 1223 2778 eorumque
1251 2743 1394 2778 regnum
1419 2733 1504 2766 mire
