1806 3190
295 170 408 238 400
715 183 944 224 zeoRGn
984 180 1302 223 ΡΠΒΑΝΤΖΑΕ

406 287 467 329 17.
523 283 629 326 Ἐπεί
669 281 705 324 οὶ
736 284 1093 334 ῙΠονεμβασιιόται
1131 283 1239 322 οἵτε
1275 279 1356 321 α’πὸ
1388 281 1463 334 τῆς
1490 277 1729 323 θεοσώστου

293 350 451 401 πόλεως
481 348 785 402 ῙΙΙονεμβασίας
826 347 896 387 καὶ
923 346 1005 387 dn«)
1048 349 1132 388 τῶν
1162 349 1319 400 Πηγῶν
1348 346 1629 400 εὑρισκόμενοι
1661 349 1733 388 καὶ

293 420 574 463 κατοικοῦντες
611 415 763 468 ἀρτίως
805 412 864 461 εἷς
892 428 937 454 τε
977 412 1052 466 τὴν
1089 412 1365 462 θεοὸλόξαστον
1410 414 1482 453 καί
1517 410 1732 468 θεοφύλα-

294 500 389 525 κτον
416 483 486 524 καί
504 478 832 533 θεομεγάλυντον
861 478 1325 532 Κωνσταντινούπολιν,
1356 477 1462 519 α’λλά
1494 477 1542 532 δὴ
1577 478 1649 519 καί
1672 478 1732 524 εἰς

292 546 422 596 ἄλλας
447 548 586 594 πόλεις
608 549 680 587 καί
705 545 848 600 χώρας
869 547 941 599 τῆς
958 547 1283 597 βασιλείαςμου,
1314 543 1420 585 εἰσίν
1446 543 1768 597 annutante-5

289 630 354 656 νοι
379 612 449 654 διὰ
479 611 805 667 χρυσοβούλλων
833 612 904 652 καί
918 607 1248 664 προσταγμάτων
1276 612 1359 651 τῶν
1374 609 1504 663 ἁγίων
1526 610 1731 661 αόιδίμων

289 680 361 721 καί
393 677 614 732 μακαρίων
640 692 723 729 μου
765 675 983 718 αὐθεντῶν
1024 677 1098 716 καί
1131 677 1365 728 βασιλέων,
1395 677 1473 716 τοῦ
1499 690 1542 715 τε
1573 673 1728 729 πατρὸς

289 746 363 786 καί
388 744 558 785 πάππου
600 743 670 783 καί
706 739 955 796 προπάππου
991 744 1062 794 τῆς
1097 741 1312 794 βασιλείας
1343 756 1438 794 μου,
1466 743 1534 782 ἵνα
1561 742 1627 796 ἐφ’
1663 736 1730 790 αἶς

289 808 340 852 ἂν
370 811 521 852 ποιῶσι
549 809 849 861 πραγματείαις
889 823 948 856 εις
980 805 1057 858 τὴν
1083 805 1361 866 θεοόόξαστον
1393 804 1732 848 Κωνσταντινού-

288 881 419 929 πολιν,
450 873 523 929 τήν
549 874 863 952 Σηλυμβρίαν,
881 870 957 926 τὴν
980 869 1248 924 QHQta'xmav,
1294 870 1340 913 τὸ
1363 868 1623 922 μΡαιὸεστόν,
1654 861 1797 925 τὴνιο

293 945 390 984 Ka).
394 939 604 983 λιούπολιν
632 955 700 980 και
729 954 805 987 τας
836 933 966 986 αλλας
994 939 1065 991 τῆς
1087 939 1356 986 Μακεδονίας
1384 936 1537 990 πόλεις,
1565 939 1637 979 καί
1667 938 1732 978 δι’·

291 1010 398 1050 ὸωσι
426 1005 554 1061 χάριν
581 1006 802 1060 κομερκιόυ
831 1006 891 1052 εἰς
918 1001 1126 1058 ποσότητα
1142 1006 1436 1055 νουμισμάτων
1460 1001 1606 1046 ἑκατὸν
1634 1018 1731 1045 νου-

290 1075 482 1126 μίσματα
518 1072 618 1124 δύο,
659 1071 717 1121 εἰς
759 1072 805 1112 δὲ
845 1067 942 1118 τους
978 1068 1147 1117 λοιποὺς
1182 1069 1342 1118 πάντας
1371 1069 1525 1118 τόπους
1552 1069 1624 1110 καί
1647 1068 1734 1122 χώ-

291 1155 369 1192 ρας
418 1142 490 1180 καί
535 1135 693 1185 σκάλας
736 1137 808 1190 τῆς
853 1136 1069 1188 βασιλείας
1110 1150 1192 1188 μου
1234 1136 1486 1187 διαμένωσιν
1536 1133 1735 1188 α’νιότεροι

290 1203 551 1258 ἀπαιτήσεως
589 1204 810 1255 κομερκίου
848 1201 1078 1252 παντελῶς,
1117 1202 1395 1254 διατηρῶνται
1438 1201 1485 1242 δὲ
1521 1203 1593 1243 καί
1630 1198 1734 1242 ἔνθα
1751 1202 1806 1257 15

292 1266 346 1311 (ἲν
378 1266 636 1324 εὑρίσκονται
676 1268 750 1308 καί
788 1267 1037 1308 κατοικῶσιν
1081 1265 1343 1321 ἀνενόχλητοι
1378 1265 1451 1306 καί
1479 1265 1560 1307 ἀπὸ
1590 1269 1737 1308 πασῶν

292 1330 428 1376 ἄλλων
472 1330 630 1375 δόσεων
657 1335 730 1374 καί
759 1331 1048 1385 ἄπαιτήσεων,
1086 1330 1376 1385 παρεκάλεσαν
1404 1333 1450 1373 δὲ
1478 1334 1546 1374 ἵνα
1573 1331 1736 1386 τύχωσι

290 1400 363 1442 καὶ
392 1403 438 1442 ὲκ
466 1403 561 1442 νέου
597 1400 840 1452 εὐεργεσίας
885 1400 995 1447 ἰδίας
1042 1396 1157 1451 παρὰ
1198 1399 1271 1452 τῆς
1312 1401 1526 1450 βασιλείας
1553 1414 1653 1453 μου,
1681 1400 1736 1440 δι’

290 1465 341 1521 ἢν
369 1465 457 1520 ἔχει
487 1465 597 1522 αὐτῇ
625 1467 675 1521 τῇ
697 1461 841 1518 χάριτι
866 1462 1010 1520 ἔφεσιν
1035 1463 1108 1505 καί
1123 1458 1259 1517 ὄρεξιν
1276 1464 1351 1505 τοῦ
1379 1464 1603 1518 εὐεργετεῖν
1628 1462 1734 1506 ποίν-

290 1549 363 1581 τας
391 1532 490 1580 τούς
518 1533 576 1580 εἰς
596 1531 731 1583 αὕτὴν
747 1530 1088 1586 ἀναφερομένους
1107 1529 1280 1578 πιστούς
1312 1530 1385 1571 καί
1411 1527 1799 1585 εὖυπολήπτους,αο

291 1598 544 1652 προστάσσει
583 1597 656 1638 καί
694 1598 923 1651 διορίζεται
954 1591 1032 1650 ἤδη
1075 1595 1320 1649 ἦβασιλεία
1358 1610 1459 1648 μου,
1491 1595 1734 1639 ἀπολύουσα

290 1663 363 1707 τὸν
390 1665 579 1719 παρόντα
611 1660 926 1717 χρυσόβουλλον
953 1660 1070 1715 λόγον
1100 1661 1257 1715 αὐτοῖς,
1287 1662 1357 1703 ἵνα
1387 1660 1539 1712 πάντες
1567 1660 1606 1703 οἱ
1635 1665 1739 1704 Mo·

395 1792 422 1814 ι.
453 1781 511 1827 ¹7]
531 1779 596 1814 τοῦ
620 1779 796 1836 ἀοιδίμου
833 1777 1106 1835 αὐτοκράτορος
1135 1777 1327 1825 Ῥωμαίων
1356 1782 1471 1824 κυροῦ
1494 1777 1735 1825 Ἀνδρονίκου

385 1829 451 1862 τοῦ
476 1826 742 1872 ΙΙαλαιολόγου
776 1825 1006 1871 χρυσόβουλλ
1010 1838 1053 1860 ον
1086 1829 1174 1871 περὶ
1209 1826 1282 1861 τῶν
1304 1829 1525 1881 προνομίων
1549 1828 1612 1869 τῆς
1632 1828 1736 1861 πολι-

386 1878 488 1912 τείας
509 1877 780 1920 ,Μονεμβασίας
803 1875 842 1914 Ρ,
876 1873 938 1916 τῆς
960 1874 1146 1911 πολιτείας
1169 1873 1501 1920 Μονεμβασιωτοῖν
1524 1873 1738 1922 προνόμιον

387 1922 427 1954 Μ
543 1931 576 1953 2.
601 1906 758 1967 Πηγῶν]
787 1932 830 1954 τα
855 1922 924 1955 νῦν
942 1921 1100 1966 Βρύσεις
1125 1919 1413 1968 ὀνομαζοαένων
1440 1930 1559 1965 margo
1582 1921 1607 1954 P

389 1967 681 2022 ὑποτεταγαένοι
706 1968 729 2000 P
828 1977 878 1999 12.
908 1970 1126 2024 κουιιερκίου
1153 1968 1177 2000 Ρ
1292 1967 1539 2015 νομισμάτων
1561 1968 1586 2002 Ρ
1684 1977 1735 2015 19.

390 2014 481 2058 αὕτη
507 2011 572 2058 τὴν
593 2014 709 2061 χάριν
733 2014 758 2047 Ρ
874 2024 931 2046 22.
960 2012 1069 2057 αὐτῆς
1094 2015 1119 2048 Ρ

400 2152 453 2185 ¹7·
504 2140 624 2186 Quum
650 2138 956 2172 Monembasiotae
979 2144 1053 2172 tum
1081 2140 1119 2179 ii,
1145 2139 1206 2185 qui
1233 2139 1300 2172 deo
1327 2150 1440 2172 caram
1455 2138 1736 2172 Monembnsiam

299 2187 476 2226 habitant,
502 2193 578 2220 tum
605 2187 667 2232 qui
694 2186 794 2230 Pegis
818 2186 876 2219 vel
906 2187 944 2218 in
967 2186 1054 2219 urbe
1081 2188 1204 2230 gloria,
1231 2186 1392 2219 custodia
1417 2191 1454 2219 et
1476 2186 1738 2230 magnificentia

301 2235 421 2268 divina
459 2234 613 2278 insigni,
647 2233 772 2278 Cpoli,
812 2233 870 2266 vel
908 2233 988 2266 aliis
1028 2234 1064 2266 in
1102 2233 1244 2279 oppidis
1277 2234 1411 2266 locisve
1446 2234 1582 2277 imperii
1622 2233 1735 2266 nostri

300 2287 571 2321 commorantur,
596 2280 705 2313 bullis
731 2280 844 2312 aureis
871 2285 908 2312 et
932 2279 1106 2313 mandatis
1137 2286 1335 2314 sanctorum
1364 2286 1401 2312 et
1426 2279 1613 2312 beatorum
1636 2281 1736 2324 prin-

299 2330 418 2374 cipum
446 2334 483 2362 et
509 2329 785 2373 imperatorum,
813 2326 948 2371 patris,
974 2328 1029 2359 avi
1059 2333 1094 2360 et
1118 2327 1220 2361 abavi
1246 2326 1441 2360 maiestatis
1468 2332 1636 2367 nostrae,
1660 2327 1737 2359 iure

300 2375 369 2408 hoc
400 2376 592 2420 praecipuo
618 2374 741 2407 donati
770 2374 860 2413 sint,
893 2378 934 2406 ut
960 2374 995 2406 in
1023 2375 1199 2418 negotiis,
1232 2385 1324 2418 quae
1356 2374 1483 2418 Cpoli,
1509 2373 1595 2406 urbe
1623 2373 1738 2417 gloria

301 2421 359 2455 (lei
385 2422 538 2462 illustri,
563 2421 800 2465 Selymbriae,
838 2419 1041 2459 Heracleae,
1068 2421 1282 2461 Rhaedesti‚
1314 2420 1504 2465 Calliopoli
1530 2425 1566 2453 et
1590 2420 1738 2465 reliquis

302 2469 444 2514 oppidis
468 2468 701 2502 Μιεειίοηὶαθ
725 2468 867 2507 saciant,
889 2468 1042 2511 vectigal
1065 2468 1225 2513 pendant
1240 2468 1449 2501 centesimas
1477 2466 1651 2500 duntaxat
1676 2466 1736 2500 bi-

300 2527 376 2555 nas,
400 2516 438 2549 in
463 2516 591 2549 ceteris
621 2526 703 2547 vero
728 2514 834 2555 locis,
859 2493 1064 2557 regionibus
1090 2521 1127 2548 et
1150 2514 1336 2548 navalibus
1365 2514 1504 2559 imperii
1530 2514 1643 2547 nostri
1666 2514 1738 2546 im-

301 2573 426 2596 munes
451 2564 522 2596 sint
546 2563 660 2595 omnis
689 2561 834 2594 omnino
861 2560 1007 2601 tributi,
1043 2572 1132 2596 neve
1166 2567 1352 2601 vexentur,
1375 2561 1580 2606 ubicunque
1603 2560 1736 2600 vivant,
1783 2578 1788 2583 ·

301 2609 376 2642 ulla
402 2609 510 2642 ullius
535 2608 708 2653 stipendii
732 2607 939 2641 exactione:
963 2613 1085 2641 nostra
1112 2609 1295 2650 maiestas,
1320 2608 1364 2641 ab
1389 2607 1516 2640 iisdem
1540 2612 1671 2650 rogata,
1695 2611 1736 2639 ut

303 2662 340 2689 et
365 2656 442 2699 ipsa
470 2656 588 2689 denuo
614 2666 652 2688 se
677 2660 819 2688 ornaret
840 2653 1022 2688 beneficiis
1038 2680 1047 2695 ,
1081 2666 1144 2699 pro
1173 2656 1283 2699 gratia
1313 2661 1348 2688 et
1371 2654 1641 2694 benevolentia,
1666 2664 1736 2698 qna

303 2708 448 2735 cunctos
491 2703 558 2734 sibi
584 2702 763 2735 subiectos
796 2700 919 2734 fideles
947 2707 984 2734 et
1013 2702 1065 2734 sui
1089 2702 1265 2735 studiosos
1290 2702 1517 2746 amplectitur
1543 2701 1734 2746 fovetque,

303 2750 456 2794 imperat,
477 2754 585 2794 atque
612 2748 720 2783 edicit
744 2749 844 2782 bulla
866 2748 933 2782 hac
957 2759 1080 2789 aurea,
1117 2755 1156 2782 ut
1181 2760 1304 2783 omnes
1329 2748 1635 2783 Monemhasiotae
1662 2753 1737 2781 tum
