1806 3190
514 192 615 232 Lm.
641 193 675 232 1.
714 190 833 232 CAP.
860 192 1045 234 xxxiv.
1425 193 1502 248 99

22 279 23 282 Ἴ
62 287 214 345 ῥέουσα
245 287 353 342 γάλα
381 289 454 330 καί
482 288 614 341 μέλι.”
640 287 713 330 καί
735 289 866 330 ταῦτα
897 288 919 328 ὅ
948 288 1162 345 βάρβαρος
1194 285 1282 332 εἶπε
1311 288 1408 343 περὶ
1433 292 1504 345 τῆς

61 352 252 410 Κρήτης·
308 352 331 394 ὅ
358 355 405 396 δὲ
436 354 608 410 ποιητής
633 351 792 407 ταύτην
820 352 1089 407 ἐγκωμιάζων
1110 357 1219 411 φησί
1231 352 1413 410 ,“Κρήτη
1442 371 1502 397 τι·

59 418 222 476 μήεσσα
251 419 398 476 τιθήνη
427 420 550 472 Διός,
579 414 630 475 ἧς
657 417 704 460 τὸ
737 422 913 473 μέγεθος
941 421 1194 475 περιούσιον,
1223 421 1351 475 πολλή
1365 436 1409 462 τε
1440 425 1502 463 λι-

60 484 177 540 παρά
192 501 238 528 τε
256 485 328 527 καὶ
346 481 550 540 εὕβοτος.”
575 487 648 526 καί
665 485 785 526 οὐδὲν
802 485 926 526 πλέον
945 483 1028 540 ἔφη
1043 486 1282 540 aziz-otgunt*
1304 484 1415 528 οὕτω
1430 486 1503 529 τὸν

23 549 205 597 §adamo
220 552 438 606 ἐμπλήσας
461 549 612 600 παντὸς
633 550 801 604 dyo-9017
819 549 921 604 πρὸς
934 549 1007 605 τὴν
1029 551 1243 595 Ἱσπανίαν
1261 554 1505 607 ἐπανέστρε-

16 646 21 647 ν
59 627 152 669 ψεν.
183 617 240 666 ὥς
258 618 303 658 δὲ
325 617 347 658 ὅ
369 614 529 671 χειμών
554 617 746 669 παρῆλθε
773 617 845 657 καί
863 614 911 656 τὸ
939 613 1013 670 ἔαρ
1036 617 1265 671 ἐπέλαμψε,
1295 616 1502 671 τεσσαρά-

57 699 179 726 κοντα
200 687 302 739 νῆας
326 683 549 737 πληρώσας
578 683 739 736 ἀνδρῶν
764 680 965 734 μαχίμων
991 680 1063 723 καί
1089 677 1243 735 ἄνεμον
1277 685 1505 739 ἐπιτήδειον

52 749 237 804 τηρήσας
263 748 369 804 πρὸς
387 746 558 803 Κρήτην
574 746 646 789 τὸν
670 749 803 788 πλοῦν
821 746 1002 802 ἐποίησε,
1032 746 1106 797 τὰς
1123 743 1251 797 ἄλλας
1268 753 1349 791 τῶν
1367 751 1504 806 νήσων

55 818 344 870 παρατρέχων.
374 814 544 870 φθάσας
560 815 606 855 δὲ
626 814 670 855 έν
686 816 738 869 τῇ
754 811 864 870 νήσῳ
885 815 928 855 ἐν
946 813 1191 871 ἀκρωτηρίῳ
1212 817 1269 871 τῷ
1299 819 1503 874 λεγομένῳ

13 878 222 934 ῸΧάρακι
239 877 579 934 προσορμίζεται,
601 882 673 921 καί
687 879 809 920 οὐδὲν
838 875 935 921 οὔτε
950 877 1053 921 κατά
1073 878 1144 934 τήν
1173 877 1382 934 ἀπόβασιν
1411 877 1504 924 οὔτε

53 945 158 986 κατὰ
178 944 253 1000 τήν
273 943 438 1000 οἷγωγήν
455 944 590 1000 ἐφάνη
605 946 813 998 πολέμιον.
831 943 968 988 ἐλθών
987 946 1033 986 δὲ
1052 947 1306 1002 πορρωτέρω
1320 949 1505 990 σταδίων

53 1011 108 1058 ὥς
132 1008 274 1053 ἑκατὸν
298 1013 371 1053 καί
395 1012 478 1066 πῦρ
503 1010 699 1064 ἐμβαλών
716 1009 794 1060 τὰς
813 1013 914 1066 νῆας
941 1009 1076 1060 πάσας
1104 1013 1364 1067 κατέφλεξεν,
1383 1014 1504 1054 mide-

51 1078 153 1129 μιᾶς
195 1075 457 1133 φεισάμενος.
532 1077 558 1117 o‘
581 1077 628 1118 δὲ
655 1074 835 1131 στρατὸς
871 1075 1106 1130 ταραχθείς
1134 1076 1204 1118 ἐπὶ
1235 1076 1278 1119 τὸ
1309 1080 1503 1133 πραχθὲν

52 1144 125 1184 καί
156 1145 485 1198 καταπληγέντες
522 1141 598 1196 τήν
638 1144 774 1185 αἰτίαν
813 1140 1064 1196 ἐπηρώτων,
1103 1140 1293 1193 ἐλθόντες
1332 1143 1407 1186 καὶ
1441 1147 1502 1192 εἰς

11 1205 200 1262 ὄλόγους
230 1207 507 1263 νεωτερικούς.
573 1208 701 1257 αὐτὸς
742 1209 788 1250 δὲ
827 1210 974 1260 μανείς
1011 1207 1176 1250 ἀκούων
1208 1206 1322 1252 εἶπεν
1352 1209 1501 1262 “ὖμεΐς

50 1273 208 1316 τούτων
235 1273 366 1316 αἴτιοί
387 1277 500 1327 έστε,
531 1274 723 1316 ἀποικίαν
752 1276 967 1330 ζητοῦντες
998 1277 1070 1314 καί
1094 1277 1168 1329 γῆν
1196 1276 1376 1333 α’γαθῄν.
1405 1277 1504 1330 ἐμοὶ

51 1341 98 1381 δὲ
123 1340 278 1395 ταύτης
306 1338 427 1395 ἑτέρα
456 1341 506 1381 οὖ
532 1339 770 1393 νενόμισται
800 1343 1018 1395 κρείττων·
1051 1341 1124 1382 καί
1154 1341 1336 1383 ἐνταῦθα
1365 1337 1500 1397 ἦλθον

49 1407 118 1448 ἴνα
144 1405 217 1455 τὰς
256 1405 464 1459 ὑμετέρας
507 1404 698 1460 θελήσεις
727 1407 800 1447 καί
841 1407 996 1458 ὀρέξεις
1026 1404 1182 1458 πράξω.
1213 1409 1285 1448 καί
1308 1406 1359 1449 τά
1386 1409 1463 1450 νῦν
1481 1441 1493 1459 ,

49 1469 106 1526 μή
141 1472 298 1521 εἰδότες
330 1470 358 1513 οἳ
386 1470 465 1526 ἐγώ
496 1474 628 1524 ποιῶ,
662 1470 927 1527 φλυαρεῖτε.”
989 1468 1027 1512 οἱ
1057 1471 1103 1512 δὲ
1133 1471 1382 1521 α’κούσαντες
1410 1475 1500 1515 ἐσί-

14 1552 196 1593 ογησαν.
257 1538 314 1586 ὥς
344 1539 390 1580 δὲ
419 1539 628 1591 γυναικῶν
658 1537 730 1579 καί
756 1539 907 1579 τέκνων
925 1538 1154 1591 ἐμέμνηντο
1185 1538 1256 1579 καί
1284 1536 1500 1594 φιλτάτων

48 1607 177 1658 τινές,
224 1601 337 1647 εἶπεν
367 1604 509 1653 (ω’-τοῖς
546 1598 666 1645 “aide
704 1602 859 1658 ὡραῖαι
886 1605 1077 1656 γυναῖκές
1102 1604 1209 1656 εἶσι,
1245 1603 1320 1646 καὶ
1343 1605 1499 1654 παῖδας

48 1671 281 1727 ποιήσετε.”
352 1666 440 1713 εἶτα
467 1667 630 1726 τάφρον
659 1664 824 1725 ὤρυξαν
851 1671 1032 1723 βαθεῖαν
1062 1669 1135 1710 καί
1157 1667 1325 1725 χάρακα
1356 1672 1498 1726 περιέ.

140 1826 173 1849 2.
195 1816 332 1862 μέλεσα
357 1814 381 1847 Ρ
514 1815 547 1849 3.
576 1815 627 1854 εἰς
649 1813 687 1848 Μ
812 1815 861 1849 16.
893 1813 1078 1858 ζητοῦντές
1093 1825 1162 1862 μοι
1188 1815 1251 1849 καὶ
1276 1814 1315 1848 Μ
1443 1825 1500 1849 22.

139 1861 319 1906 ποιήσατε
340 1861 377 1894 Μ

45 1985 216 2020 barbarus
242 1985 287 2019 de
313 1985 436 2019 Creta:
472 1995 577 2030 quam
603 1988 708 2030 poeta
740 1984 795 2018 his
817 1983 935 2018 verbis
963 1984 1244 2018 commendavit:
1260 1983 1404 2026 “Cn-eta,
1429 1985 1498 2019 ho-

45 2039 170 2067 norata
194 2034 313 2068 nutrix
326 2033 431 2073 Iovis,
457 2033 604 2076 insignis
629 2031 889 2077 magnitudine,
913 2031 1081 2066 ubertate
1103 2037 1139 2065 et
1151 2042 1366 2077 pascuorum
1381 2032 1496 2066 abun-

45 2079 199 2115 dantia?
228 2081 330 2115 nullo
358 2079 465 2114 verbo
485 2084 668 2125 praeterea
692 2079 827 2120 addito,
852 2090 930 2112 cum
950 2079 1075 2120 classe,
1101 2079 1198 2112 omni
1221 2089 1338 2111 rerum
1364 2091 1495 2124 genere

45 2128 194 2174 repleta,
219 2129 258 2162 in
277 2128 484 2173 Hispaniam
504 2127 663 2160 revertit.
680 2132 869 2172 postquam
888 2131 1007 2159 autem
1031 2126 1144 2159 hiems
1169 2125 1256 2159 exiit
1282 2131 1318 2159 et
1336 2126 1495 2160 instabat

43 2186 152 2209 verna
190 2180 406 2221 tempestas,
447 2173 682 2220 quadraginta
717 2184 823 2207 naves
861 2174 1017 2207 strenuis
1052 2172 1290 2207 bellatoribus
1318 2174 1493 2218 complet,

43 2228 262 2268 ventumque
307 2228 431 2256 nactus
465 2222 685 2262 secundum,
724 2220 862 2254 Cretam
905 2232 1008 2254 cursu
1055 2221 1172 2266 petit,
1208 2220 1337 2253 ceteris
1365 2221 1492 2254 insulis

43 2271 312 2314 praetermissis.
350 2268 412 2302 ubi
445 2269 612 2308 advenit,
653 2267 699 2301 ad
733 2268 1037 2312 promontorium,
1073 2268 1129 2301 cui
1173 2278 1304 2300 nomen
1330 2266 1491 2309 Charax,

44 2317 261 2361 appellitur:
303 2326 370 2350 nec
395 2316 428 2349 ei
466 2315 662 2361 quidquam
686 2315 744 2348 vel
769 2314 1027 2356 descendenti,
1062 2315 1120 2348 vel
1145 2314 1334 2359 populanti
1356 2314 1491 2348 hostile

43 2365 252 2410 comparuit.
278 2374 481 2409 progressus
505 2362 622 2397 stadia
646 2362 786 2395 circiter
811 2368 977 2403 centum,
1016 2372 1124 2395 naves
1150 2360 1195 2393 ad
1221 2371 1327 2393 unam
1355 2372 1491 2404 omnes,

42 2409 176 2445 iniecto
202 2412 295 2456 igne,
322 2410 511 2446 comburit,
537 2420 578 2443 ea
602 2420 639 2443 re
664 2409 869 2443 conturbati
895 2414 932 2442 et
957 2408 1196 2453 obstupefacti
1220 2407 1378 2448 milites,
1405 2419 1490 2442 cau·-

40 2467 114 2490 sam
150 2457 448 2499 sciscitabantur,
480 2468 584 2490 voces
621 2457 727 2490 etiam
763 2456 950 2490 seditiosas
987 2456 1238 2488 immiscentes.
1289 2454 1353 2487 ille
1378 2455 1489 2490 iratus

36 2501 143 2545 “vos,
170 2505 307 2550 inquit,
337 2505 440 2537 huius
464 2505 513 2536 rei
541 2515 647 2537 causa
675 2503 780 2543 estis,
810 2504 871 2549 qui
898 2503 1074 2536 coloniam
1100 2500 1271 2547 quaeritis
1298 2506 1334 2534 et
1358 2506 1486 2536 terram

39 2549 200 2585 beatam:
218 2563 372 2597 namque
386 2551 474 2584 mihi
502 2551 599 2584 nulla
617 2551 682 2583 hac
704 2550 831 2583 melior
848 2561 925 2583 esse
938 2549 1091 2590 videtur,
1108 2554 1144 2581 et
1157 2547 1226 2580 huc
1239 2547 1318 2580 vela
1341 2547 1422 2590 feci,
1446 2555 1487 2584 ut

38 2603 175 2632 vestrae
199 2599 437 2633 satisfacerem
450 2598 639 2632 voluntati.
664 2598 786 2643 itaque
813 2598 930 2639 inscii,
955 2607 1046 2641 quae
1073 2606 1136 2640 ego
1162 2606 1260 2639 agam
1278 2621 1287 2635 ,
1310 2595 1378 2628 ista
1405 2596 1486 2630 bla-

37 2643 191 2679 noratis?
228 2646 282 2679 his
314 2645 471 2684 auditis,
502 2646 761 2679 conticuerunt.
799 2656 909 2690 quum
943 2649 1059 2675 nutem
1093 2641 1258 2675 nonnulli
1295 2654 1418 2676 uxores
1449 2649 1486 2677 et

36 2690 169 2725 liberos
193 2698 526 2732 commemorarent,
563 2693 716 2725 occurrit
739 2692 804 2724 iis:
837 2691 920 2723 “hic
946 2695 1028 2722 sunt
1053 2688 1228 2722 formosae
1262 2688 1434 2731 feminae,
1464 2701 1484 2724 e

35 2738 167 2783 quibus
201 2739 332 2775 liberos
366 2738 632 2784 procreabitis.''
661 2738 792 2772 deinde
830 2739 922 2772 fossa
947 2735 1126 2782 profunda
1151 2735 1258 2769 ducta
1281 2741 1317 2770 et
1342 2736 1486 2783 χάρακι

1520 1422 1564 1455 23
