1806 3190
171 173 243 213 DE
279 169 760 214 'mnssALoNlcENsi
785 170 1006 214 Excmro
1030 173 1325 215 NARRATiO.
1370 155 1400 211 5
1415 154 1479 210 13

46 265 360 324 εῦεξαπάτητον,
391 268 526 324 λόγοις
555 268 802 321 ὑπελθόντες
829 270 936 314 πολύ
967 272 1013 313 τὸ
1045 270 1258 327 ἐπαγωγὸν
1288 275 1483 328 κεκτημέ-

47 351 133 384 νοις
152 335 396 390 ἐλευθερίαν
414 337 561 386 αὐταῖς
588 336 862 390 ὑπισχνοῦντο
887 339 1064 390 τελείαν,
1097 340 1136 380 εἰ
1162 339 1358 393 χρήματα
1384 338 1483 380 τού-

47 417 135 450 τοις
158 403 406 455 γνωρίσειαν
445 401 577 443 οἰκεῖά
604 417 647 444 τε
689 405 760 444 καί
797 403 1008 458 α’λλότρια.
1078 402 1123 445 αἱ
1167 407 1213 445 δὲ
1239 403 1345 458 πρὸς
1375 404 1480 445 αὐτὸ

47 463 230 518 Ιτοὸνομα
255 467 329 520 τῆς
356 467 598 521 ἐλευθερίας
626 467 923 522 ἄπατηθεῖσαι,
948 469 1163 524 γνωρίζειν
1177 469 1307 519 εὐθὺς
1335 467 1485 524 ἑκάστη

11 534 103 589 5τῷ
131 534 223 588 ἰδίῳ
263 534 436 590 δεσπότῃ
478 534 662 588 σπουδῆς
688 531 808 587 ἔργον
844 537 1040 589 πεποίητο
1070 535 1139 576 καί
1161 533 1212 577 τὰ
1237 533 1388 590 ἑαυτῆς
1415 534 1488 578 καὶ

47 599 124 640 τοῦ
153 597 341 652 γείτονος,
372 598 416 641 εἴ
435 615 528 641 τινα
557 601 656 653 περί
675 598 833 641 τούτων
861 599 1020 655 εἴδησιν
1049 597 1173 654 εἶχεν.
1229 599 1283 651 (ὃς
1310 604 1345 642 δ’
1375 600 1485 655 οἷρχὴ

48 664 172 705 τοῦδε
205 665 343 718 γέγονε
382 666 459 707 τοῦ
482 666 633 717 κακοῦ,
665 666 734 706 καὶ
771 664 972 719 χρήματα
999 666 1146 708 πολλοὶ
1176 669 1258 708 ταῖν
1289 665 1487 721 Τούρκων

50 729 229 783 ἀνεῦρον
277 731 569 785 γνωριζουσῶν
607 729 701 779 τούς
750 733 882 773 ταῦτα
922 730 1175 786 κρύπτοντας
1209 734 1364 782 τόπους
1402 734 1488 773 τῶν

49 797 266 849 γυναικῶν,
297 793 411 850 λόγος
437 800 590 851 γίνεται
617 798 715 852 περὶ
731 795 880 838 τούτου
907 797 975 839 διὰ
1006 796 1160 847 παντὸς
1185 801 1259 840 τοῦ
1285 795 1488 853 στρατεύ-

0 876 192 915 ῐοματος,
225 860 298 903 καὶ
333 861 484 911 πάντες
524 861 563 904 οἱ
605 862 878 917 κατασχόντες
912 862 1203 917 αἰχμαλώτους
1235 862 1487 919 ἀνθρώπους

50 925 156 982 πρὸς
180 927 254 968 τὸν
291 924 436 980 ὅμοιον
478 930 767 970 διανίστανται
812 931 953 984 ζῆλον,
994 927 1092 977 τούς
1127 932 1204 983 μὲν
1231 930 1488 984 ὑποσχέσεσι

51 995 460 1047 περικεχρωσμέναις
489 994 650 1052 ἀπάτῃ,
678 993 772 1043 τούς
805 996 851 1036 δὲ
890 993 1022 1050 λόγοις
1049 993 1204 1048 ὁμοίως
1230 993 1387 1051 ἑτέροις
1415 998 1487 1038 ἑπί

51 1057 286 1114 φανερώσει
312 1061 393 1100 τῶν
438 1061 556 1102 ἰδίων
583 1062 918 1113 παρακαλοῦντες
955 1062 1182 1115 χρημάτων
1219 1060 1291 1103 καὶ
1317 1064 1562 1118 quemad-354

53 1125 198 1174 ζοντες.
257 1120 378 1174 ὅσους
404 1127 452 1168 δὲ
483 1127 854 1180 δυσπειθεστέρους
881 1129 962 1169 τῶν
991 1123 1128 1169 ἄλλων
1167 1125 1312 1181 ἑώρων
1343 1124 1485 1184 (ἤλπι-

15 1194 39 1235 5
54 1191 121 1241 ζον
151 1188 229 1245 γάρ
259 1193 343 1232 τῶν
363 1194 693 1247 νουνεχεστὲρων
713 1194 857 1234 πολλοὶ
883 1195 956 1247 τῆς
974 1195 1162 1242 θωπείας
1181 1193 1335 1243 αὐτοὺς
1361 1194 1488 1236 finev-

51 1257 199 1298 δοῦναι
233 1259 307 1298 καί
331 1259 411 1299 τῶν
439 1262 600 1299 πολλῶν
632 1260 795 1300 ἐκείνων
826 1258 1045 1313 ἀπατηλῶν
1074 1259 1232 1312 λόγων,
1262 1259 1488 1302 κάντεῦθεν

50 1322 102 1363 τοὶ
133 1325 395 1376 κεκρυμμένα
416 1325 688 1378 διατηρῆσαι)
708 1322 866 1372 τούτοις
885 1326 1120 1373 πολυειδεῖς
1140 1324 1256 1373 τινας
1283 1327 1491 1378 τιμωρίας

52 1388 217 1442 ἐπῆγον,
247 1390 325 1438 ἕως
355 1389 428 1430 καί
451 1389 622 1438 τούτους
651 1391 711 1438 εἰς
739 1386 919 1444 α’νοῖγκην
933 1391 1126 1444 ἐνέβαλον
1149 1389 1223 1432 καί
1240 1389 1314 1444 την
1341 1388 1489 1432 ἔνστα-

51 1470 119 1495 σιν
147 1452 313 1496 ἔλυσαν.
381 1451 482 1497 ὅθεν
519 1453 593 1497 καί
629 1457 773 1496 πολλοὶ
804 1457 885 1497 τῶν
923 1457 1178 1508 δοκούντων,
1225 1454 1366 1509 οἱμὲν
1397 1460 1491 1504 ταῖς

17 1524 256 1570 οθωπείαις
294 1523 640 1573 καθυπαχθέντες
669 1519 707 1562 οἱ
733 1523 780 1563 δὲ
806 1520 882 1570 τοὶς
908 1523 1112 1577 τιμωρίας
1143 1522 1217 1564 οὔκ
1246 1521 1490 1575 ἐνεγκόντες,

53 1589 262 1642 φανεροῦν
312 1585 365 1627 τὰ
406 1588 669 1639 κεκρυμμένα
710 1588 1011 1638 σπουδάζοντες
1050 1583 1155 1640 ἦσαν
1192 1589 1265 1629 καί
1301 1583 1490 1635 ἄκοντες·

51 1651 157 1707 πρὸς
185 1651 265 1707 γὰρ
305 1654 444 1694 πᾶσαν
481 1648 685 1707 ἀνάγκην,
725 1655 799 1693 καί
822 1654 998 1704 μάλισθ’
1029 1648 1129 1695 ὅταν
1159 1650 1344 1701 θάνατος
1384 1647 1412 1709 ᾖ
1443 1651 1489 1694 τὸ

52 1721 338 1774 προκείμενον,
377 1719 563 1773 εύχερῶς
596 1715 706 1760 οἶδεν
741 1718 990 1761 ὑποπίπτειν
1019 1718 1043 1773 ἧ
1075 1716 1213 1774 φύσις.
1269 1720 1390 1759 τοῦτο
1417 1720 1492 1773 τῆς

152 1831 203 1865 15.
226 1829 453 1868 ὕπεκδῦναιῗ

53 1942 145 1985 simi,
171 1955 260 1989 quos
286 1949 408 1989 captos
437 1943 659 1977 adduxerant
696 1955 739 1976 ex
763 1943 923 1984 civibus,
961 1948 997 1977 et
1020 1944 1211 1988 praecipue
1236 1943 1402 1975 mulieres
1427 1942 1490 1975 ‹le-

52 1997 158 2036 ceptu
187 1991 385 2030 facillimas,
409 1990 526 2024 verbis
557 1990 805 2023 illecebrarum
834 1996 871 2024 et
907 1990 1161 2023 lenociniorum
1188 1990 1304 2035 plenis
1332 2000 1408 2022 sese
1433 1990 1490 2022 in-

53 2039 256 2079 sinuantes,
283 2038 482 2072 libertatem
519 2038 591 2070 illis
617 2038 780 2082 polliceri
807 2037 1012 2083 perfectam,
1041 2038 1070 2071 si
1095 2038 1181 2082 ipsis
1210 2037 1378 2081 pecunias
1402 2047 1490 2081 pro-

51 2086 147 2130 prias
171 2085 245 2118 sive
269 2085 403 2118 alienas
432 2084 658 2118 revelassent.
706 2085 793 2117 illae
825 2085 969 2118 nomine
1006 2084 1182 2117 libertatis
1211 2083 1384 2127 deceptae
1419 2088 1490 2115 sta-

52 2133 116 2165 tim
146 2143 280 2165 summo
309 2137 437 2165 conatu
464 2131 608 2164 domino
634 2137 670 2164 et
694 2143 756 2164 sua
782 2136 819 2165 et
840 2132 958 2172 vicini,
981 2133 1009 2164 si
1035 2143 1140 2176 quam
1167 2141 1287 2162 eorum
1313 2130 1490 2172 cognitio-

52 2190 133 2212 nem
160 2179 353 2220 habebant,
383 2179 550 2212 revelare.
576 2184 615 2211 ut
642 2179 772 2211 malum
798 2179 917 2223 coepit
941 2179 1095 2224 irrepere
1122 2177 1279 2210 etmulti
1303 2187 1345 2208 ex
1363 2176 1489 2208 Turcis

53 2227 224 2270 pecunias
250 2236 424 2270 reperere,
442 2226 653 2258 mulieribus
679 2226 755 2257 loca
781 2226 817 2258 in
835 2226 965 2270 quibus
991 2223 1300 2257 abscondebantur
1323 2224 1490 2267 aperien-

53 2273 163 2313 tibus,
190 2284 308 2305 rumor
326 2284 389 2318 per
407 2278 519 2306 totum
546 2274 735 2305 exercitum
756 2272 800 2305 de
825 2271 892 2305 hoc
920 2272 1105 2317 spargitur,
1132 2276 1167 2303 et
1192 2281 1311 2302 omnes
1341 2270 1400 2314 qui
1428 2281 1489 2300 ca-

53 2321 171 2364 ptivos
196 2319 416 2353 adduxerant
441 2319 485 2351 ad
510 2320 638 2352 similia
663 2320 818 2352 animum
853 2319 1054 2359 advertunt,
1079 2317 1142 2350 hos
1166 2316 1488 2361 pollicitationibus

53 2367 179 2399 fraude
214 2366 401 2407 oblinitis‚
435 2368 523 2399 alios
555 2366 719 2399 similiter
752 2367 830 2399 aliis
855 2366 970 2398 modis
1001 2365 1046 2397 ad
1083 2363 1289 2396 revelandas
1319 2363 1490 2408 pecunias

54 2413 316 2446 consuadcntes
345 2418 381 2446 et
405 2414 610 2458 compositis
638 2413 828 2446 mendaciis
845 2412 1080 2453 deludente83
1106 2422 1195 2456 <pios
1220 2422 1301 2443 vero
1330 2411 1490 2454 pertina-

53 2461 166 2493 ciores
190 2459 450 2503 agnoscebant,
474 2459 667 2504 sperabant
692 2460 866 2505 siquidem
904 2460 1004 2491 multi
1042 2470 1083 2490 ex
1112 2457 1402 2502 prudentioribus
1429 2467 1490 2488 eos

54 2507 242 2539 lenociniis
267 2513 304 2540 et
331 2507 453 2540 multis
478 2507 562 2540 dolo
591 2506 788 2551 fraudeque
810 2509 946 2539 onustis
964 2506 1183 2537 sermonibus
1213 2504 1355 2537 tandem
1384 2505 1490 2535 linem

55 2554 301 2599 imposituros,
339 2560 374 2586 et
404 2554 454 2586 sic
490 2553 535 2586 ab
562 2565 598 2585 se
634 2555 788 2599 reposita
814 2554 879 2585 sibi
909 2557 1198 2591 c«mservaturos‚
1225 2552 1348 2595 poenis
1375 2551 1488 2582 onmis

55 2601 194 2645 generis
215 2601 362 2640 allicere,
388 2611 585 2645 cogereque
613 2606 650 2633 ut
675 2602 903 2645 pertinaciam
930 2600 1163 2643 deponerent.
1215 2598 1297 2630 binc
1320 2597 1421 2629 multi
1447 2607 1489 2628 cx

54 2647 392 2692 praestantioribus,
417 2649 540 2691 partini
583 2648 758 2680 illecebris
794 2647 934 2679 deliniti
964 2646 1089 2690 partim
1121 2655 1253 2690 poenas
1280 2655 1353 2677 non
1379 2644 1491 2676 susti-

54 2700 194 2734 nentes,
224 2695 452 2734 festinanter,
478 2694 563 2726 licet
587 2695 709 2734 inviti,
735 2694 942 2727 abscondita
970 2693 1208 2725 manifestant.
1270 2693 1369 2723 novit
1396 2691 1490 2722 enim

55 2746 180 2774 natura
209 2741 427 2782 necessitati,
452 2746 489 2774 et
514 2741 736 2786 potissimum
759 2752 837 2773 cum
853 2751 945 2773 mors
970 2741 1195 2785 proponitur,
1222 2737 1317 2771 sacili
1342 2737 1489 2782 negotio

121 2809 328 2845 Plaramzes.
1192 2808 1208 2839 3
1215 2808 1233 2839 3
