1806 3190
290 135 327 203 4
340 155 356 189 ι
370 157 403 192 o
709 156 935 199 essoneu
977 156 1296 199 PHRANTZAE

291 253 337 295 τό
379 253 462 309 ζῆν.
518 253 931 307 συι’διασκεψάμενος
961 252 1037 298 οὖν
1074 255 1153 299 miv
1186 263 1271 306 τοῖς
1301 257 1436 298 αὑτοῦ
1464 256 1485 298 ὃ
1515 259 1729 313 δεσπότης,

291 317 427 371 ἔδοξεν
456 319 569 375 αὖτῷ
606 319 731 361 καλὸν
758 316 864 362 εἶναι
901 323 969 363 ἵνα
1000 321 1022 364 ὁ
1050 325 1128 374 μὲν
1151 321 1300 378 Ῥάλης
1329 325 1367 364 Γ
1366 320 1537 378 ειόργιος
1566 325 1730 381 α’πέλθῃ

292 383 395 438 πρὸς
413 385 482 427 τὸν
502 385 682 439 α’μηροῖν,
714 383 736 426 ὖ
761 386 806 427 δὲ
824 385 1011 442 γαμβρὸς
1035 387 1328 431 αιῖτοῦῬαοὺλ
1343 389 1550 442 Γεώργιος
1568 390 1730 445 ἀπέλθῃ

291 450 392 505 πρὸς
422 450 492 492 τὸν
521 449 672 503 minan»,
701 452 768 493 ἵνα
798 451 819 493 ὃ
853 455 931 505 μὲν
959 456 1032 495 καί
1058 457 1192 496 ταῦτα
1221 456 1292 496 καί
1317 454 1393 508 τὴν
1419 457 1480 504 εἰς
1509 455 1731 510 Κέρκυραν

290 519 365 558 τοῦ
407 515 609 558 δεσπότου
649 517 874 572 ἐπιδημίαν
920 519 1084 576 δηλώσῃ
1129 522 1187 576 τῷ
1228 518 1370 577 πάντα,
1420 519 1441 561 ὁ
1487 522 1533 562 δὲ
1565 519 1634 576 ἴδῃ
1659 521 1768 563 καὶὸ

260 582 410 637 nmen
440 583 501 631 τίς
531 578 550 621 ὃ
579 583 653 623 τοῦ
683 585 828 637 α’μηρᾶ
860 585 1026 633 σκοπός.
1060 585 1103 628 οἳ
1125 584 1196 626 καί
1224 585 1427 640 ἀπῆλθον,
1459 582 1479 626 ό
1510 587 1588 637 μὲν
1611 587 1662 642 τῇ
1689 585 1729 628 θ’

294 647 313 689 o‘
347 649 392 689 δὲ
419 650 468 703 τῇ
497 646 551 688 ια’
582 644 848 702 Αὐγούστου.
920 653 1148 692 θανατικοῦ
1187 653 1223 692 δ’
1250 652 1541 704 ἐπιγενομένου
1572 653 1646 693 καί
1671 651 1732 700 εἰς

292 711 364 767 τὴν
398 715 624 766 Κέρκυραν
665 712 784 755 πόλιν
823 711 844 755 ὅ
893 714 1091 769 δεσπότης
1129 718 1203 758 καί
1241 716 1361 770 ἡμεῖς
1399 718 1643 771 ἀπήλθομεν
1687 717 1732 758 ἐν

291 784 375 827 τοῖς
402 781 696 833 περιχωρίοις,
731 779 996 834 ἐκδεχόμενοι
1026 784 1098 822 καί
1125 781 1174 823 τὰ
1201 784 1282 825 τῶν
1307 784 1553 836 πρεσβυτῶν
1583 782 1733 823 dnon-

293 847 494 897 λέσματα.
565 843 585 886 ὅ
616 847 693 897 μὲν
731 842 806 887 οὖν
831 847 980 902 Ῥοίλης
1005 847 1195 904 Ἰωάννης
1231 847 1412 890 διελθών
1437 846 1507 889 διά
1534 849 1609 889 τοῦ
1638 848 1796 900 ’Ay-to

291 908 564 964 γελοκάστρου
593 909 757 966 ἔφθασε
798 911 870 954 τὸν
899 913 1067 967 α’μηροῖν
1100 916 1158 962 εἰς
1188 913 1238 955 τὰ
1269 913 1365 969 περὶ
1389 913 1466 968 τήν
1494 915 1730 968 Βέρροιαν·

291 978 363 1018 καί
390 975 523 1024 εὐθύς
545 977 850 1030 προστάξαντος
879 980 1009 1020 αὐτοῦ
1039 976 1062 1018 ὅ
1094 995 1138 1020 τε
1164 978 1314 1034 Ῥιέλης
1343 979 1415 1021 καί
1443 977 1479 1020 οἱ
1511 978 1588 1021 σόν
1617 979 1734 1036 αύτῷ

292 1040 438 1090 πάντες
466 1042 778 1097 ἐδεσμεύθησαν
815 1046 887 1085 καί
921 1043 959 1086 οἱ
997 1044 1119 1094 πόδες
1151 1047 1289 1087 αιῖτῶν
1317 1045 1644 1101 ἢσφαλίσθησαν
1669 1060 1734 1086 σι-

294 1107 448 1162 δήροις.
505 1107 825 1161 διαβιβάσαντες
856 1105 930 1150 οὖν
971 1106 1100 1159 οὕτως
1131 1112 1307 1163 δέσμιοι,
1337 1108 1442 1164 μετά
1469 1126 1585 1160 τινας
1613 1108 1735 1158 ὁδους

294 1172 463 1228 ἡμερῶν
493 1175 552 1222 εἰς
588 1172 686 1222 τούς
715 1175 812 1228 περί
836 1177 911 1218 τοῦ
938 1175 1106 1230 μαύρου
1137 1171 1262 1230 ὅρους
1288 1175 1468 1230 βουνούς
1494 1176 1733 1231 ἤλευθέρω·
1753 1173 1801 1225 15

295 1255 367 1280 σεν
396 1237 564 1290 αὐτούς,
595 1238 722 1280 εἰπών
752 1236 817 1281 ὅτι
844 1239 921 1295 ἐγώ
953 1239 1184 1295 ἐκδεχόμην
1217 1245 1390 1296 πληοίον
1415 1244 1489 1296 τῆς
1516 1245 1735 1283 Πελοπον-
1805 1249 1806 1252 ’

295 1303 421 1359 νήσου
459 1304 755 1358 εὑρισκομένου
799 1321 882 1358 μου
921 1308 1060 1348 ἐλθεῖν
1097 1306 1168 1348 τὸν
1208 1303 1470 1362 ὸόεσπότην,ἧ
1502 1304 1640 1364 στείλῃ
1666 1305 1736 1348 τὸν

295 1369 389 1411 υἱὸν
417 1370 546 1411 αὐτοῦ
560 1369 666 1422 μετὰ
694 1370 922 1426 ἀρχόντων,
942 1371 1014 1414 καί
1041 1377 1206 1428 γένηται
1222 1371 1347 1428 χάρις
1374 1370 1479 1427 πρός
1505 1373 1648 1425 αὐτόν,
1669 1373 1738 1414 και1

296 1438 489 1491 κάθηται,
512 1439 584 1478 καί
610 1438 675 1492 ζῇ.
750 1435 840 1479 ἐπεὶ
869 1433 942 1480 οὖν
979 1439 1101 1480 ου’δὲν
1126 1440 1277 1492 γέγονε,
1303 1436 1429 1480 πάλιν
1456 1439 1640 1492 λέγομεν,
1669 1453 1738 1492 γε-

296 1502 483 1558 νηθὴτω,
512 1518 549 1544 ει
584 1505 712 1555 θέλει,
740 1503 812 1544 καί
838 1502 1091 1553 ἀπελθόντος
1116 1519 1192 1546 σου
1220 1505 1379 1551 ἐλθέτω
1409 1502 1431 1545 ὅ
1463 1502 1678 1558 δεσπότης,
1710 1499 1806 1566 ἧσαιι

297 1567 628 1619 ἔξαποστειλάτω
658 1567 729 1610 ἕνα
754 1572 833 1610 τῶν
856 1572 1016 1611 παίδων
1042 1570 1187 1623 αὑτοῦ,
1216 1573 1246 1628 ιρ
1275 1587 1345 1612 και
1369 1569 1605 1624 ποιήσωμεν
1629 1586 1736 1624 χρη-

298 1632 388 1676 στά.
459 1636 781 1689 ἐπιστρέψαντος
821 1637 866 1677 δὲ
896 1639 970 1678 τοῦ
999 1635 1151 1678 Ῥαοὺ)
1181 1633 1392 1691 ἀπράκτου
1422 1639 1480 1678 τιῦ
1507 1637 1736 1692 Ὀκτωβριῒρ
1795 1639 1803 1694 3

297 1702 370 1744 τοῦ
399 1699 534 1762 ,ςῧξέῗ
580 1700 710 1754 ἔτους,
751 1701 824 1743 καί
855 1703 907 1759 τῇ
951 1700 1000 1750 ις’
1034 1702 1275 1758 Νοεμβρίου
1316 1703 1449 1757 ἐμβὰς
1478 1701 1522 1745 ἔν
1549 1718 1630 1744 τινι
1656 1705 1737 1743 τῶν
1798 1719 1805 1759 3

391 1828 423 1851 2.
446 1815 571 1854 Ῥαοὺλ
590 1817 762 1862 Ἰωάννης
790 1820 813 1852 Ρ
914 1823 948 1854 6.
974 1811 1042 1854 κθη
1068 1820 1090 1852 Ρ
1208 1831 1241 1865 7.
1269 1812 1329 1863 ιςη
1352 1820 1378 1854 Ρ
1449 1831 1483 1864 9.
1506 1821 1696 1865 πρέσβεων
1711 1819 1738 1852 1>

399 1890 448 1923 16.
475 1887 714 1935 ἐκδεχόμενος
736 1889 761 1921 Ρ
877 1889 933 1922 23.
964 1879 1091 1936 ,αυξαδ
1121 1889 1144 1922 Ρ

299 1995 378 2017 cum
401 1984 474 2017 suis
499 1984 706 2023 deliberata,
731 1983 880 2029 despota
909 1996 927 2018 e
954 1995 991 2018 re
1017 1985 1094 2018 fore
1123 1984 1348 2026 existimavit,
1374 1989 1415 2018 ut
1437 1984 1609 2029 Georgius
1635 1984 1740 2018 Rales

298 2031 345 2064 ad
375 2043 537 2071 ameram,
565 2031 735 2075 Georgius
760 2032 889 2065 Raulus
915 2038 1045 2073 autem,
1071 2043 1178 2077 gener
1202 2033 1291 2072 eius,
1318 2031 1363 2064 ad
1386 2043 1512 2076 papam
1534 2031 1742 2076 proficisce-

299 2084 408 2120 retur,
436 2083 476 2112 ut
501 2078 590 2112 alter
614 2078 683 2111 hoc
707 2079 820 2124 ipsum
841 2084 878 2112 et
900 2079 1069 2124 despotae
1093 2081 1131 2112 in
1156 2080 1306 2122 Corcyra
1331 2079 1644 2112 commorationem
1670 2089 1736 2123 pa-

298 2136 366 2171 pae
390 2126 592 2166 nuntiaret,
618 2126 710 2159 alter
743 2125 881 2159 videret
920 2133 956 2160 et
990 2127 1210 2171 exploraret,
1247 2137 1318 2171 quo
1348 2131 1526 2170 spectaret
1548 2126 1737 2158 consilium

298 2183 452 2206 amerae.
502 2174 625 2217 itaque
649 2173 705 2205 illi
729 2168 976 2214 discesserunt,
1001 2174 1092 2207 alter
1116 2184 1225 2213 nouo,
1250 2173 1341 2205 alter
1368 2172 1555 2205 undecimo
1581 2172 1640 2205 die
1663 2171 1738 2205 Au-

300 2221 404 2263 gusti.
437 2230 518 2253 mox
542 2225 660 2253 autem
684 2231 792 2265 quum
817 2220 928 2265 pestis
954 2222 1058 2254 etiam
1085 2220 1271 2263 Corcyram
1296 2218 1421 2252 urbem
1447 2219 1644 2259 invasisset,
1671 2219 1738 2252 de·—

300 2272 403 2311 spota
438 2273 474 2300 et
512 2267 642 2312 reliqui
681 2267 718 2299 in
744 2266 822 2300 loca
847 2268 964 2300 vicina
993 2269 1241 2306 concessimus,
1266 2266 1464 2310 legatorum
1492 2271 1740 2312 exspectantes
1796 2296 1798 2298 ,

301 2313 456 2347 reditum
489 2319 525 2347 et
558 2313 646 2359 quid
678 2313 819 2346 allaturi
843 2320 964 2348 essent
996 2315 1125 2348 nuntii.
1158 2326 1198 2347 ac
1229 2313 1405 2346 lohannes
1439 2313 1541 2346 Rales
1581 2312 1739 2358 quidem,

300 2365 396 2394 trans
422 2360 709 2405 Angelocastrum
734 2360 931 2406 profectus,
959 2361 1021 2393 ubi
1046 2372 1158 2406 prope
1186 2361 1400 2393 Berrhoeam
1428 2359 1473 2392 ad
1500 2371 1653 2392 ameram
1679 2370 1740 2392 ve-

300 2407 367 2448 nit,
395 2409 513 2441 statim
542 2408 638 2442 iussu
665 2409 740 2440 eius
773 2419 850 2440 cum
871 2408 1035 2440 omnibus
1062 2407 1249 2441 comitibus
1285 2407 1420 2440 vinctus
1455 2412 1491 2439 et
1507 2405 1740 2451 conpedibus

303 2453 427 2488 ferreis
450 2454 638 2488 adstrictus
665 2459 728 2487 est.
778 2465 886 2500 quum
911 2455 960 2487 ita
995 2456 1103 2488 vincti
1135 2455 1390 2500 processissent
1413 2453 1490 2486 dies
1509 2454 1669 2499 aliquot,
1693 2451 1739 2485 ad

303 2501 413 2534 colles
450 2503 579 2536 montis
614 2502 707 2545 nigri
741 2513 802 2534 eos
836 2501 1022 2542 liberavit,
1053 2507 1089 2535 et
1115 2506 1339 2546 exspectasse
1364 2511 1400 2533 se
1427 2499 1535 2540 dixit,
1556 2506 1604 2540 ut,
1629 2510 1739 2545 quum
1794 2500 1796 2522 ἶ

301 2553 397 2580 esset
422 2559 534 2594 prope
561 2549 859 2594 Peloponnesum,
887 2554 948 2582 aut
971 2549 1110 2582 veniret
1142 2549 1219 2593 ipse
1247 2548 1408 2592 despota,
1437 2552 1501 2579 aut
1524 2547 1635 2579 filium
1659 2557 1741 2579 cum

301 2595 506 2638 proceribus
524 2596 693 2636 mitteret,
714 2607 754 2628 ac
778 2607 815 2628 se
835 2595 891 2628 illi
907 2595 1177 2628 benefacturum
1197 2594 1388 2639 sedemque
1414 2593 1588 2633 stabilem,
1613 2593 1651 2626 in
1667 2603 1739 2638 qua

300 2639 447 2682 viveret,
470 2642 684 2676 donaturum
704 2643 822 2675 fuisse.
873 2653 1022 2688 quorum
1040 2653 1147 2686 quum
1177 2648 1343 2675 neutrum
1372 2641 1504 2674 sactum
1529 2641 1586 2680 sit,
1608 2639 1740 2685 inquit,

301 2687 443 2729 iterum,
465 2694 505 2722 ut
522 2689 596 2730 fiat,
610 2689 808 2730 suademus,
825 2695 954 2734 etpost
977 2689 1130 2722 reditum
1148 2695 1249 2723 tuum
1268 2694 1329 2721 aut
1343 2688 1466 2720 veniat
1489 2686 1652 2731 despota,
1677 2692 1742 2719 autu

297 2744 411 2767 unum
435 2745 453 2768 e
478 2735 561 2770 filiis
589 2736 731 2777 mittat,
773 2736 830 2770 cui
855 2735 1129 2770 benefaciamus.
1179 2737 1302 2781 itaque
1323 2746 1435 2780 quum
1460 2734 1592 2767 Raulus
1619 2744 1656 2766 re
1679 2733 1744 2766 in-
1792 2767 1794 2770 f
