<?xml version="1.0" encoding="UTF-8"?>
<!DOCTYPE html PUBLIC "-//W3C//DTD XHTML 1.0 Transitional//EN"
    "http://www.w3.org/TR/xhtml1/DTD/xhtml1-transitional.dtd">
<html xmlns="http://www.w3.org/1999/xhtml" xml:lang="en" lang="en">
 <head>
  <title>
</title>
<meta http-equiv="Content-Type" content="text/html;charset=utf-8" />
  <meta name='ocr-system' content='tesseract 3.04.00' />
  <meta name='ocr-capabilities' content='ocr_page ocr_carea ocr_par ocr_line ocrx_word'/>
</head>
<body>
  <div class='ocr_page' id='page_1' title='image "./corpusscriptorum19niebuoft_0308.png"; bbox 0 0 1806 3190; ppageno 0'>
   <div class='ocr_carea' id='block_1_1' title="bbox 299 141 1306 215">
    <p class='ocr_par' dir='ltr' id='par_1_1' title="bbox 299 141 1306 215">
     <span class='ocr_line' id='line_1_1' title="bbox 299 141 1306 215; baseline -0.001 -19"><span class='ocrx_word' id='word_1_1' title='bbox 299 141 409 215; x_wconf 85' lang='lat'>296</span> <span class='ocrx_word' id='word_1_2' title='bbox 719 158 945 201; x_wconf 81' lang='lat' dir='ltr'>GEORGn</span> <span class='ocrx_word' id='word_1_3' title='bbox 987 154 1306 197; x_wconf 69' lang='lat' dir='ltr'>PHRAN&#39;mAE</span> 
     </span>
    </p>
   </div>
   <div class='ocr_carea' id='block_1_2' title="bbox 293 249 1794 1749">
    <p class='ocr_par' dir='ltr' id='par_1_2' title="bbox 293 249 1794 1749">
     <span class='ocr_line' id='line_1_2' title="bbox 294 249 1736 312; baseline -0.008 -10"><span class='ocrx_word' id='word_1_4' title='bbox 294 258 318 299; x_wconf 79' lang='grc' dir='ltr'>ὅ</span> <span class='ocrx_word' id='word_1_5' title='bbox 351 258 557 312; x_wconf 41' lang='lat' dir='ltr'>Manius&amp;</span> <span class='ocrx_word' id='word_1_6' title='bbox 583 254 829 309; x_wconf 72' lang='grc' dir='ltr'><strong><em>ἐπαρεκὰλει</em></strong></span> <span class='ocrx_word' id='word_1_7' title='bbox 854 257 906 311; x_wconf 78' lang='grc' dir='ltr'>τῇ</span> <span class='ocrx_word' id='word_1_8' title='bbox 934 254 1070 295; x_wconf 75' lang='grc' dir='ltr'><strong><em>αὑτοῦ</em></strong></span> <span class='ocrx_word' id='word_1_9' title='bbox 1096 254 1219 310; x_wconf 66' lang='grc' dir='ltr'><strong><em>κυρίᾳ</em></strong></span> <span class='ocrx_word' id='word_1_10' title='bbox 1246 253 1298 309; x_wconf 82' lang='grc' dir='ltr'>τῇ</span> <span class='ocrx_word' id='word_1_11' title='bbox 1315 252 1386 292; x_wconf 84' lang='grc' dir='ltr'><em>καί</em></span> <span class='ocrx_word' id='word_1_12' title='bbox 1411 249 1577 304; x_wconf 74' lang='grc' dir='ltr'><strong><em>γυναικὶ</em></strong></span> <span class='ocrx_word' id='word_1_13' title='bbox 1601 251 1736 292; x_wconf 79' lang='grc' dir='ltr'><strong><em>ταῦτα</em></strong></span> 
     </span>
     <span class='ocr_line' id='line_1_3' title="bbox 294 315 1733 379; baseline -0.007 -12"><span class='ocrx_word' id='word_1_14' title='bbox 294 326 429 379; x_wconf 83' lang='grc' dir='ltr'><strong><em>λέγειν</em></strong></span> <span class='ocrx_word' id='word_1_15' title='bbox 467 323 539 365; x_wconf 79' lang='grc' dir='ltr'><strong><em>καί</em></strong></span> <span class='ocrx_word' id='word_1_16' title='bbox 565 319 834 376; x_wconf 63' lang='grc' dir='ltr'><strong><em>βεβαιῶν-ειν,</em></strong></span> <span class='ocrx_word' id='word_1_17' title='bbox 871 322 944 362; x_wconf 81' lang='grc' dir='ltr'>καί</span> <span class='ocrx_word' id='word_1_18' title='bbox 971 324 1190 372; x_wconf 72' lang='grc' dir='ltr'><em>παραινεῖν</em></span> <span class='ocrx_word' id='word_1_19' title='bbox 1226 320 1293 359; x_wconf 84' lang='grc' dir='ltr'>ἵνα</span> <span class='ocrx_word' id='word_1_20' title='bbox 1337 315 1394 370; x_wconf 71' lang='grc' dir='ltr'>μή</span> <span class='ocrx_word' id='word_1_21' title='bbox 1436 318 1618 368; x_wconf 79' lang='grc' dir='ltr'><strong><em>λυπῆται</em></strong></span> <span class='ocrx_word' id='word_1_22' title='bbox 1643 315 1733 357; x_wconf 72' lang='grc' dir='ltr'><strong><em>ἀλλ’</em></strong></span> 
     </span>
     <span class='ocr_line' id='line_1_4' title="bbox 294 377 1736 445; baseline -0.006 -14"><span class='ocrx_word' id='word_1_23' title='bbox 294 391 364 431; x_wconf 76' lang='grc' dir='ltr'>ἵνα</span> <span class='ocrx_word' id='word_1_24' title='bbox 391 391 536 445; x_wconf 82' lang='grc' dir='ltr'><strong><em>χαίρῃ.</em></strong></span> <span class='ocrx_word' id='word_1_25' title='bbox 610 388 634 440; x_wconf 84' lang='grc' dir='ltr'>ἡ</span> <span class='ocrx_word' id='word_1_26' title='bbox 677 388 723 428; x_wconf 82' lang='grc' dir='ltr'>δὲ</span> <span class='ocrx_word' id='word_1_27' title='bbox 752 384 855 441; x_wconf 75' lang='grc' dir='ltr'><strong><em>γυνη</em></strong></span> <span class='ocrx_word' id='word_1_28' title='bbox 895 387 1089 428; x_wconf 76' lang='grc' dir='ltr'><strong><em>ἐπίστευε</em></strong></span> <span class='ocrx_word' id='word_1_29' title='bbox 1119 386 1178 440; x_wconf 72' lang='grc' dir='ltr'><strong><em>τῷ</em></strong></span> <span class='ocrx_word' id='word_1_30' title='bbox 1209 383 1436 438; x_wconf 79' lang='grc' dir='ltr'><strong><em>ψευδαββᾷ</em></strong></span> <span class='ocrx_word' id='word_1_31' title='bbox 1462 385 1602 422; x_wconf 85' lang='grc' dir='ltr'><strong><em>πλεῖον</em></strong></span> <span class='ocrx_word' id='word_1_32' title='bbox 1627 377 1654 434; x_wconf 80' lang='grc' dir='ltr'><strong><em>ἢ</em></strong></span> <span class='ocrx_word' id='word_1_33' title='bbox 1679 382 1736 437; x_wconf 80' lang='grc' dir='ltr'>τῷ</span> 
     </span>
     <span class='ocr_line' id='line_1_5' title="bbox 294 442 1736 508; baseline -0.006 -12"><span class='ocrx_word' id='word_1_34' title='bbox 294 456 431 508; x_wconf 80' lang='grc' dir='ltr'><strong><em>α’νδρί.</em></strong></span> <span class='ocrx_word' id='word_1_35' title='bbox 489 452 560 494; x_wconf 84' lang='grc' dir='ltr'>διὰ</span> <span class='ocrx_word' id='word_1_36' title='bbox 587 454 707 494; x_wconf 82' lang='grc' dir='ltr'><strong><em>τοῦτο</em></strong></span> <span class='ocrx_word' id='word_1_37' title='bbox 732 453 901 505; x_wconf 83' lang='grc' dir='ltr'><strong><em>λέγουσι</em></strong></span> <span class='ocrx_word' id='word_1_38' title='bbox 915 452 988 491; x_wconf 84' lang='grc' dir='ltr'><em>καί</em></span> <span class='ocrx_word' id='word_1_39' title='bbox 1005 448 1045 491; x_wconf 83' lang='grc' dir='ltr'>οὶ</span> <span class='ocrx_word' id='word_1_40' title='bbox 1071 448 1222 497; x_wconf 80' lang='grc' dir='ltr'><strong><em>πάντες</em></strong></span> <span class='ocrx_word' id='word_1_41' title='bbox 1249 444 1311 489; x_wconf 84' lang='grc' dir='ltr'>ὅτι</span> <span class='ocrx_word' id='word_1_42' title='bbox 1337 447 1358 488; x_wconf 84' lang='lat' dir='ltr'>o‘</span> <span class='ocrx_word' id='word_1_43' title='bbox 1378 445 1583 499; x_wconf 71' lang='grc' dir='ltr'>,Μωάμεθ</span> <span class='ocrx_word' id='word_1_44' title='bbox 1608 442 1736 499; x_wconf 75' lang='grc' dir='ltr'><strong><em>ὥρισε</em></strong></span> 
     </span>
     <span class='ocr_line' id='line_1_6' title="bbox 296 509 1771 571; baseline -0.005 -11"><span class='ocrx_word' id='word_1_45' title='bbox 296 519 394 567; x_wconf 84' lang='grc' dir='ltr'><strong><em>τούς</em></strong></span> <span class='ocrx_word' id='word_1_46' title='bbox 433 517 644 571; x_wconf 81' lang='grc' dir='ltr'><strong><em>μοναχούς</em></strong></span> <span class='ocrx_word' id='word_1_47' title='bbox 675 514 835 565; x_wconf 79' lang='grc' dir='ltr'><em>πάντας</em></span> <span class='ocrx_word' id='word_1_48' title='bbox 861 517 1017 564; x_wconf 84' lang='grc' dir='ltr'><strong><em>α’τελεῖς</em></strong></span> <span class='ocrx_word' id='word_1_49' title='bbox 1045 511 1152 556; x_wconf 81' lang='grc' dir='ltr'><strong><em>εἶναι</em></strong></span> <span class='ocrx_word' id='word_1_50' title='bbox 1201 513 1274 555; x_wconf 79' lang='grc' dir='ltr'><em>καί</em></span> <span class='ocrx_word' id='word_1_51' title='bbox 1303 509 1637 568; x_wconf 76' lang='grc' dir='ltr'><strong><em>ἀφορολογήτους</em></strong></span> <span class='ocrx_word' id='word_1_52' title='bbox 1663 510 1771 553; x_wconf 74' lang='grc' dir='ltr'>διὰὄ</span> 
     </span>
     <span class='ocr_line' id='line_1_7' title="bbox 296 575 1735 639; baseline -0.007 -13"><span class='ocrx_word' id='word_1_53' title='bbox 296 583 372 639; x_wconf 68' lang='grc' dir='ltr'>τήν</span> <span class='ocrx_word' id='word_1_54' title='bbox 411 585 485 625; x_wconf 83' lang='grc' dir='ltr'>τοῦ</span> <span class='ocrx_word' id='word_1_55' title='bbox 525 585 751 636; x_wconf 80' lang='grc' dir='ltr'><strong><em>ψευδαββιῖ</em></strong></span> <span class='ocrx_word' id='word_1_56' title='bbox 787 583 963 636; x_wconf 72' lang='grc' dir='ltr'><strong><em>Σεργίου</em></strong></span> <span class='ocrx_word' id='word_1_57' title='bbox 991 580 1158 635; x_wconf 89' lang='grc' dir='ltr'><strong><em>φιλίαν,</em></strong></span> <span class='ocrx_word' id='word_1_58' title='bbox 1194 579 1266 620; x_wconf 82' lang='grc' dir='ltr'>καί</span> <span class='ocrx_word' id='word_1_59' title='bbox 1293 575 1424 627; x_wconf 72' lang='grc' dir='ltr'><strong><em>οὕτως</em></strong></span> <span class='ocrx_word' id='word_1_60' title='bbox 1454 575 1735 631; x_wconf 76' lang='grc' dir='ltr'>παρήγγειλεν.</span> 
     </span>
     <span class='ocr_line' id='line_1_8' title="bbox 294 640 1736 703; baseline -0.006 -12"><span class='ocrx_word' id='word_1_61' title='bbox 294 649 432 703; x_wconf 74' lang='grc' dir='ltr'><strong><em>ἔλεγεν</em></strong></span> <span class='ocrx_word' id='word_1_62' title='bbox 470 644 546 690; x_wconf 73' lang='grc' dir='ltr'><strong><em>οὖν</em></strong></span> <span class='ocrx_word' id='word_1_63' title='bbox 574 654 668 696; x_wconf 79' lang='grc' dir='ltr'><strong><em>ταῖς</em></strong></span> <span class='ocrx_word' id='word_1_64' title='bbox 708 650 897 702; x_wconf 77' lang='grc' dir='ltr'><strong><em>γυναιξίν</em></strong></span> <span class='ocrx_word' id='word_1_65' title='bbox 938 645 1046 700; x_wconf 80' lang='grc' dir='ltr'>αιῖτῆ</span> <span class='ocrx_word' id='word_1_66' title='bbox 1075 643 1142 686; x_wconf 74' lang='grc' dir='ltr'>ὅτι</span> <span class='ocrx_word' id='word_1_67' title='bbox 1171 644 1192 686; x_wconf 83' lang='grc' dir='ltr'><strong><em>ὖ</em></strong></span> <span class='ocrx_word' id='word_1_68' title='bbox 1227 642 1331 699; x_wconf 68' lang='grc' dir='ltr'><strong><em>ἀνὴρ</em></strong></span> <span class='ocrx_word' id='word_1_69' title='bbox 1363 645 1492 698; x_wconf 81' lang='grc' dir='ltr'><strong><em>αὐτῆς</em></strong></span> <span class='ocrx_word' id='word_1_70' title='bbox 1523 640 1736 698; x_wconf 73' lang='grc' dir='ltr'><strong><em>προφήτης</em></strong></span> 
     </span>
     <span class='ocr_line' id='line_1_9' title="bbox 294 705 1737 766; baseline -0.006 -10"><span class='ocrx_word' id='word_1_71' title='bbox 294 717 422 756; x_wconf 79' lang='grc' dir='ltr'><strong><em>ἐστίν.</em></strong></span> <span class='ocrx_word' id='word_1_72' title='bbox 481 714 554 755; x_wconf 80' lang='grc' dir='ltr'>καί</span> <span class='ocrx_word' id='word_1_73' title='bbox 581 714 694 766; x_wconf 74' lang='grc' dir='ltr'><strong><em>παρὰ</em></strong></span> <span class='ocrx_word' id='word_1_74' title='bbox 732 714 815 755; x_wconf 75' lang='grc' dir='ltr'>τῶν</span> <span class='ocrx_word' id='word_1_75' title='bbox 844 714 1050 766; x_wconf 79' lang='grc' dir='ltr'><strong><em>γυναικῶν</em></strong></span> <span class='ocrx_word' id='word_1_76' title='bbox 1091 713 1151 760; x_wconf 75' lang='grc' dir='ltr'><strong><em>εἰς</em></strong></span> <span class='ocrx_word' id='word_1_77' title='bbox 1181 709 1281 758; x_wconf 81' lang='grc' dir='ltr'><strong><em>τούς</em></strong></span> <span class='ocrx_word' id='word_1_78' title='bbox 1310 705 1466 764; x_wconf 76' lang='grc' dir='ltr'><strong><em>ἄνδρας</em></strong></span> <span class='ocrx_word' id='word_1_79' title='bbox 1495 709 1636 753; x_wconf 63' lang='grc' dir='ltr'><strong><em>αὑτῶν</em></strong></span> <span class='ocrx_word' id='word_1_80' title='bbox 1662 723 1737 762; x_wconf 86' lang='grc' dir='ltr'>κη-</span> 
     </span>
     <span class='ocr_line' id='line_1_10' title="bbox 295 771 1738 835; baseline -0.006 -14"><span class='ocrx_word' id='word_1_81' title='bbox 295 781 490 833; x_wconf 78' lang='grc' dir='ltr'><strong><em>ρυχθείς,</em></strong></span> <span class='ocrx_word' id='word_1_82' title='bbox 522 780 593 820; x_wconf 81' lang='grc' dir='ltr'>καί</span> <span class='ocrx_word' id='word_1_83' title='bbox 617 776 751 827; x_wconf 70' lang='grc' dir='ltr'><strong><em>οὕτως</em></strong></span> <span class='ocrx_word' id='word_1_84' title='bbox 779 779 824 820; x_wconf 77' lang='grc' dir='ltr'><strong><em>ἐν</em></strong></span> <span class='ocrx_word' id='word_1_85' title='bbox 853 781 910 835; x_wconf 73' lang='grc' dir='ltr'>τῷ</span> <span class='ocrx_word' id='word_1_86' title='bbox 926 775 1065 832; x_wconf 76' lang='grc' dir='ltr'><strong><em>κόσμῳ</em></strong></span> <span class='ocrx_word' id='word_1_87' title='bbox 1091 775 1207 830; x_wconf 74' lang='grc' dir='ltr'><strong><em>παρὰ</em></strong></span> <span class='ocrx_word' id='word_1_88' title='bbox 1236 777 1317 818; x_wconf 77' lang='grc' dir='ltr'>τῶν</span> <span class='ocrx_word' id='word_1_89' title='bbox 1347 771 1544 831; x_wconf 84' lang='grc' dir='ltr'><strong><em>οἷφρόνων</em></strong></span> <span class='ocrx_word' id='word_1_90' title='bbox 1574 773 1595 815; x_wconf 83' lang='grc' dir='ltr'>ὅ</span> <span class='ocrx_word' id='word_1_91' title='bbox 1625 784 1738 826; x_wconf 81' lang='grc' dir='ltr'><strong><em>ψευ-</em></strong></span> 
     </span>
     <span class='ocr_line' id='line_1_11' title="bbox 294 837 1782 900; baseline -0.005 -13"><span class='ocrx_word' id='word_1_92' title='bbox 294 843 559 900; x_wconf 82' lang='grc' dir='ltr'><strong><em>δοπροφήτης</em></strong></span> <span class='ocrx_word' id='word_1_93' title='bbox 595 845 852 896; x_wconf 82' lang='grc' dir='ltr'><strong><em>ω’νόμασται,</em></strong></span> <span class='ocrx_word' id='word_1_94' title='bbox 887 845 960 884; x_wconf 86' lang='grc' dir='ltr'>καί</span> <span class='ocrx_word' id='word_1_95' title='bbox 986 841 1063 892; x_wconf 74' lang='grc' dir='ltr'><strong><em>ἕως</em></strong></span> <span class='ocrx_word' id='word_1_96' title='bbox 1090 845 1165 883; x_wconf 83' lang='grc' dir='ltr'>τοῦ</span> <span class='ocrx_word' id='word_1_97' title='bbox 1191 843 1265 884; x_wconf 81' lang='grc' dir='ltr'>νῦν</span> <span class='ocrx_word' id='word_1_98' title='bbox 1291 839 1335 883; x_wconf 82' lang='grc' dir='ltr'>τὸ</span> <span class='ocrx_word' id='word_1_99' title='bbox 1362 837 1466 882; x_wconf 73' lang='grc' dir='ltr'><strong><em>αὐτὸ</em></strong></span> <span class='ocrx_word' id='word_1_100' title='bbox 1492 841 1601 893; x_wconf 82' lang='grc' dir='ltr'><strong><em>μέγα</em></strong></span> <span class='ocrx_word' id='word_1_101' title='bbox 1630 840 1737 892; x_wconf 81' lang='grc' dir='ltr'>ψεῦ-</span> <span class='ocrx_word' id='word_1_102' title='bbox 1755 854 1782 880; x_wconf 82' lang='lat'>1·</span> 
     </span>
     <span class='ocr_line' id='line_1_12' title="bbox 296 903 1740 965; baseline -0.005 -13"><span class='ocrx_word' id='word_1_103' title='bbox 296 914 367 958; x_wconf 83' lang='grc' dir='ltr'><strong><em>δος</em></strong></span> <span class='ocrx_word' id='word_1_104' title='bbox 396 909 510 965; x_wconf 77' lang='grc' dir='ltr'><strong><em>παρὰ</em></strong></span> <span class='ocrx_word' id='word_1_105' title='bbox 543 912 628 951; x_wconf 80' lang='grc' dir='ltr'>τῶν</span> <span class='ocrx_word' id='word_1_106' title='bbox 657 909 931 963; x_wconf 76' lang='grc' dir='ltr'><strong><em>Ἰσμαηλιτῶν</em></strong></span> <span class='ocrx_word' id='word_1_107' title='bbox 949 903 1109 964; x_wconf 76' lang='grc' dir='ltr'><strong><em>ᾅδεται.</em></strong></span> <span class='ocrx_word' id='word_1_108' title='bbox 1165 905 1459 960; x_wconf 72' lang='grc' dir='ltr'><strong><em>ἀποθανούσης</em></strong></span> <span class='ocrx_word' id='word_1_109' title='bbox 1489 907 1534 947; x_wconf 79' lang='grc' dir='ltr'>δὲ</span> <span class='ocrx_word' id='word_1_110' title='bbox 1562 907 1636 959; x_wconf 77' lang='grc' dir='ltr'>τῆς</span> <span class='ocrx_word' id='word_1_111' title='bbox 1663 920 1740 958; x_wconf 85' lang='grc' dir='ltr'>γυ-</span> 
     </span>
     <span class='ocr_line' id='line_1_13' title="bbox 293 969 1743 1030; baseline -0.006 -12"><span class='ocrx_word' id='word_1_112' title='bbox 293 974 436 1025; x_wconf 81' lang='grc' dir='ltr'><strong><em>ναικὸς</em></strong></span> <span class='ocrx_word' id='word_1_113' title='bbox 465 977 598 1017; x_wconf 71' lang='grc' dir='ltr'><strong><em>αὐτοῦ’</em></strong></span> <span class='ocrx_word' id='word_1_114' title='bbox 625 974 879 1030; x_wconf 81' lang='grc' dir='ltr'><strong><em>κληρονόμος</em></strong></span> <span class='ocrx_word' id='word_1_115' title='bbox 911 974 985 1015; x_wconf 80' lang='grc' dir='ltr'>τοῦ</span> <span class='ocrx_word' id='word_1_116' title='bbox 1010 972 1105 1026; x_wconf 81' lang='grc' dir='ltr'><strong><em>βίου</em></strong></span> <span class='ocrx_word' id='word_1_117' title='bbox 1135 974 1207 1014; x_wconf 82' lang='grc' dir='ltr'><em>καί</em></span> <span class='ocrx_word' id='word_1_118' title='bbox 1235 970 1413 1014; x_wconf 83' lang='grc' dir='ltr'><strong><em>πλούτου</em></strong></span> <span class='ocrx_word' id='word_1_119' title='bbox 1439 973 1512 1013; x_wconf 81' lang='grc' dir='ltr'>τοῦ</span> <span class='ocrx_word' id='word_1_120' title='bbox 1538 969 1743 1012; x_wconf 75' lang='grc' dir='ltr'><strong><em>τοσούτου</em></strong></span> 
     </span>
     <span class='ocr_line' id='line_1_14' title="bbox 295 1035 1744 1095; baseline -0.004 -13"><span class='ocrx_word' id='word_1_121' title='bbox 295 1042 424 1095; x_wconf 74' lang='grc' dir='ltr'><strong><em>αὐτῆς</em></strong></span> <span class='ocrx_word' id='word_1_122' title='bbox 443 1039 670 1094; x_wconf 78' lang='grc' dir='ltr'><strong><em>γενόμενος,</em></strong></span> <span class='ocrx_word' id='word_1_123' title='bbox 692 1038 911 1094; x_wconf 78' lang='grc' dir='ltr'><strong><em>φύλαρχος</em></strong></span> <span class='ocrx_word' id='word_1_124' title='bbox 929 1038 1010 1079; x_wconf 81' lang='grc' dir='ltr'>τῶν</span> <span class='ocrx_word' id='word_1_125' title='bbox 1027 1039 1292 1091; x_wconf 75' lang='grc' dir='ltr'><strong><em>Ἰσμαηλιτῶν</em></strong></span> <span class='ocrx_word' id='word_1_126' title='bbox 1306 1040 1388 1079; x_wconf 77' lang='grc' dir='ltr'>τῶν</span> <span class='ocrx_word' id='word_1_127' title='bbox 1404 1039 1494 1079; x_wconf 81' lang='grc' dir='ltr'><strong><em>ἐκεῖ</em></strong></span> <span class='ocrx_word' id='word_1_128' title='bbox 1514 1035 1744 1091; x_wconf 78' lang='grc' dir='ltr'><strong><em>ἐχρημάτι-</em></strong></span> 
     </span>
     <span class='ocr_line' id='line_1_15' title="bbox 298 1100 1745 1160; baseline -0.004 -13"><span class='ocrx_word' id='word_1_129' title='bbox 298 1108 380 1157; x_wconf 82' lang='grc' dir='ltr'><strong><em>ζεν.</em></strong></span> <span class='ocrx_word' id='word_1_130' title='bbox 448 1102 536 1147; x_wconf 83' lang='grc' dir='ltr'><strong><em>εἶτα</em></strong></span> <span class='ocrx_word' id='word_1_131' title='bbox 577 1102 800 1159; x_wconf 79' lang='grc' dir='ltr'><strong><em>ἐρχόμενος</em></strong></span> <span class='ocrx_word' id='word_1_132' title='bbox 837 1103 856 1145; x_wconf 81' lang='grc' dir='ltr'>ὅ</span> <span class='ocrx_word' id='word_1_133' title='bbox 897 1102 1098 1156; x_wconf 78' lang='grc' dir='ltr'><strong><em>βασιλεύς</em></strong></span> <span class='ocrx_word' id='word_1_134' title='bbox 1139 1100 1384 1157; x_wconf 73' lang='grc' dir='ltr'><strong><em>“Ηριίκλειος</em></strong></span> <span class='ocrx_word' id='word_1_135' title='bbox 1415 1103 1471 1160; x_wconf 76' lang='grc' dir='ltr'><strong><em>τῷ</em></strong></span> <span class='ocrx_word' id='word_1_136' title='bbox 1496 1100 1586 1144; x_wconf 86' lang='grc' dir='ltr'><strong><em>τότε</em></strong></span> <span class='ocrx_word' id='word_1_137' title='bbox 1611 1102 1745 1159; x_wconf 72' lang='grc' dir='ltr'><strong><em>καιρῷ</em></strong></span> 
     </span>
     <span class='ocr_line' id='line_1_16' title="bbox 295 1165 1788 1224; baseline -0.003 -12"><span class='ocrx_word' id='word_1_138' title='bbox 295 1174 343 1213; x_wconf 80' lang='grc' dir='ltr'><strong><em>ἐκ</em></strong></span> <span class='ocrx_word' id='word_1_139' title='bbox 388 1173 460 1224; x_wconf 82' lang='grc' dir='ltr'>τῆς</span> <span class='ocrx_word' id='word_1_140' title='bbox 488 1171 700 1224; x_wconf 82' lang='grc' dir='ltr'><strong><em>Περσίδος</em></strong></span> <span class='ocrx_word' id='word_1_141' title='bbox 736 1166 842 1221; x_wconf 77' lang='grc' dir='ltr'><strong><em>μετὰ</em></strong></span> <span class='ocrx_word' id='word_1_142' title='bbox 879 1171 992 1222; x_wconf 87' lang='grc' dir='ltr'><strong><em>νίκης</em></strong></span> <span class='ocrx_word' id='word_1_143' title='bbox 1029 1165 1240 1222; x_wconf 78' lang='grc' dir='ltr'><strong><em>μεγάλης,</em></strong></span> <span class='ocrx_word' id='word_1_144' title='bbox 1281 1168 1354 1209; x_wconf 81' lang='grc' dir='ltr'>καί</span> <span class='ocrx_word' id='word_1_145' title='bbox 1391 1170 1528 1209; x_wconf 75' lang='grc' dir='ltr'><strong><em>θέλων</em></strong></span> <span class='ocrx_word' id='word_1_146' title='bbox 1557 1169 1788 1220; x_wconf 71' lang='grc' dir='ltr'><strong><em>περᾶσαιιὶ</em></strong></span> 
     </span>
     <span class='ocr_line' id='line_1_17' title="bbox 298 1231 1742 1290; baseline -0.003 -13"><span class='ocrx_word' id='word_1_147' title='bbox 298 1239 473 1290; x_wconf 81' lang='grc' dir='ltr'><strong><em>πλησίον</em></strong></span> <span class='ocrx_word' id='word_1_148' title='bbox 521 1233 622 1277; x_wconf 58' lang='lat' dir='ltr'>‘Gaea&#39;</span> <span class='ocrx_word' id='word_1_149' title='bbox 657 1232 824 1289; x_wconf 78' lang='grc' dir='ltr'><strong><em>ἡμερῶν</em></strong></span> <span class='ocrx_word' id='word_1_150' title='bbox 862 1237 990 1275; x_wconf 74' lang='grc' dir='ltr'><strong><em>τινῶν</em></strong></span> <span class='ocrx_word' id='word_1_151' title='bbox 1033 1231 1133 1274; x_wconf 78' lang='grc' dir='ltr'><strong><em>ὁδὸν</em></strong></span> <span class='ocrx_word' id='word_1_152' title='bbox 1173 1235 1218 1275; x_wconf 82' lang='grc' dir='ltr'><strong><em>ἐν</em></strong></span> <span class='ocrx_word' id='word_1_153' title='bbox 1257 1235 1427 1281; x_wconf 77' lang='grc' dir='ltr'><strong><em>ἐκείνοις</em></strong></span> <span class='ocrx_word' id='word_1_154' title='bbox 1457 1239 1544 1282; x_wconf 81' lang='grc' dir='ltr'><strong><em>τοῖς</em></strong></span> <span class='ocrx_word' id='word_1_155' title='bbox 1571 1234 1742 1286; x_wconf 79' lang='grc' dir='ltr'><strong><em>μέρεσιν</em></strong></span> 
     </span>
     <span class='ocr_line' id='line_1_18' title="bbox 296 1294 1741 1356; baseline -0.003 -13"><span class='ocrx_word' id='word_1_156' title='bbox 296 1300 403 1343; x_wconf 72' lang='grc' dir='ltr'><strong><em>ἔνθα</em></strong></span> <span class='ocrx_word' id='word_1_157' title='bbox 434 1301 617 1354; x_wconf 69' lang='grc' dir='ltr'><strong><em>διέτριβε</em></strong></span> <span class='ocrx_word' id='word_1_158' title='bbox 660 1299 734 1341; x_wconf 77' lang='grc' dir='ltr'>καὶ</span> <span class='ocrx_word' id='word_1_159' title='bbox 763 1298 939 1356; x_wconf 68' lang='grc' dir='ltr'><strong><em>κατῴκει</em></strong></span> <span class='ocrx_word' id='word_1_160' title='bbox 979 1298 1000 1340; x_wconf 83' lang='grc' dir='ltr'><strong><em>ὅ</em></strong></span> <span class='ocrx_word' id='word_1_161' title='bbox 1035 1295 1270 1354; x_wconf 80' lang='grc' dir='ltr'><strong><em>ἆλιτήροις,</em></strong></span> <span class='ocrx_word' id='word_1_162' title='bbox 1300 1299 1357 1347; x_wconf 77' lang='grc' dir='ltr'><strong><em>ὥς</em></strong></span> <span class='ocrx_word' id='word_1_163' title='bbox 1392 1294 1543 1353; x_wconf 77' lang='grc' dir='ltr'><strong><em>ἤκουσε</em></strong></span> <span class='ocrx_word' id='word_1_164' title='bbox 1570 1301 1688 1340; x_wconf 81' lang='grc' dir='ltr'><strong><em>τοῦτο</em></strong></span> <span class='ocrx_word' id='word_1_165' title='bbox 1717 1294 1741 1338; x_wconf 78' lang='grc' dir='ltr'>ὅ</span> 
     </span>
     <span class='ocr_line' id='line_1_19' title="bbox 295 1363 1744 1421; baseline -0.001 -14"><span class='ocrx_word' id='word_1_166' title='bbox 295 1364 499 1421; x_wconf 85' lang='grc' dir='ltr'><strong><em>πονηρός,</em></strong></span> <span class='ocrx_word' id='word_1_167' title='bbox 531 1364 722 1421; x_wconf 84' lang='grc' dir='ltr'><strong><em>πρόεισιν</em></strong></span> <span class='ocrx_word' id='word_1_168' title='bbox 750 1368 811 1415; x_wconf 78' lang='grc' dir='ltr'><strong><em>εἰς</em></strong></span> <span class='ocrx_word' id='word_1_169' title='bbox 839 1363 1117 1420; x_wconf 76' lang='grc' dir='ltr'><strong><em>προσκύνησιν</em></strong></span> <span class='ocrx_word' id='word_1_170' title='bbox 1144 1367 1218 1407; x_wconf 82' lang='grc' dir='ltr'>καί</span> <span class='ocrx_word' id='word_1_171' title='bbox 1245 1364 1556 1420; x_wconf 77' lang='grc' dir='ltr'><strong><em>προϋπάντησιν</em></strong></span> <span class='ocrx_word' id='word_1_172' title='bbox 1582 1366 1640 1421; x_wconf 72' lang='grc' dir='ltr'>τῷ</span> <span class='ocrx_word' id='word_1_173' title='bbox 1664 1367 1744 1418; x_wconf 86' lang='grc' dir='ltr'><strong><em>βα-</em></strong></span> 
     </span>
     <span class='ocr_line' id='line_1_20' title="bbox 297 1429 1746 1485; baseline -0.001 -12"><span class='ocrx_word' id='word_1_174' title='bbox 297 1435 413 1474; x_wconf 78' lang='grc' dir='ltr'><strong><em>σιλεῖ</em></strong></span> <span class='ocrx_word' id='word_1_175' title='bbox 441 1431 547 1484; x_wconf 81' lang='grc' dir='ltr'><strong><em>μετὰ</em></strong></span> <span class='ocrx_word' id='word_1_176' title='bbox 590 1429 737 1485; x_wconf 78' lang='grc' dir='ltr'><strong><em>δώρων</em></strong></span> <span class='ocrx_word' id='word_1_177' title='bbox 779 1433 1019 1484; x_wconf 85' lang='grc' dir='ltr'><strong><em>πολυτίμων</em></strong></span> <span class='ocrx_word' id='word_1_178' title='bbox 1058 1433 1221 1474; x_wconf 80' lang='grc' dir='ltr'><strong><em>πολλῶν</em></strong></span> <span class='ocrx_word' id='word_1_179' title='bbox 1256 1433 1383 1481; x_wconf 82' lang='grc' dir='ltr'><strong><em>α’ξίων</em></strong></span> <span class='ocrx_word' id='word_1_180' title='bbox 1421 1433 1643 1485; x_wconf 75' lang='grc' dir='ltr'><strong><em>βασιλεῦσι</em></strong></span> <span class='ocrx_word' id='word_1_181' title='bbox 1671 1430 1746 1471; x_wconf 87' lang='grc' dir='ltr'>καί</span> 
     </span>
     <span class='ocr_line' id='line_1_21' title="bbox 297 1492 1794 1553; baseline -0.001 -15"><span class='ocrx_word' id='word_1_182' title='bbox 297 1513 423 1539; x_wconf 83' lang='grc' dir='ltr'><strong><em>τινων</em></strong></span> <span class='ocrx_word' id='word_1_183' title='bbox 452 1497 529 1538; x_wconf 69' lang='grc' dir='ltr'><strong><em>οὐκ</em></strong></span> <span class='ocrx_word' id='word_1_184' title='bbox 554 1496 702 1550; x_wconf 77' lang='grc' dir='ltr'><strong><em>ὀλίγων</em></strong></span> <span class='ocrx_word' id='word_1_185' title='bbox 725 1494 770 1538; x_wconf 77' lang='grc' dir='ltr'><strong><em>ἐκ</em></strong></span> <span class='ocrx_word' id='word_1_186' title='bbox 799 1498 870 1551; x_wconf 75' lang='grc' dir='ltr'>τῆς</span> <span class='ocrx_word' id='word_1_187' title='bbox 901 1497 1030 1551; x_wconf 76' lang='grc' dir='ltr'><strong><em>αὐτῆς</em></strong></span> <span class='ocrx_word' id='word_1_188' title='bbox 1057 1500 1206 1553; x_wconf 78' lang='grc' dir='ltr'><strong><em>φυλῆς.</em></strong></span> <span class='ocrx_word' id='word_1_189' title='bbox 1263 1499 1433 1547; x_wconf 79' lang='grc' dir='ltr'><strong><em>ἐδέξατο</em></strong></span> <span class='ocrx_word' id='word_1_190' title='bbox 1459 1492 1532 1539; x_wconf 72' lang='grc' dir='ltr'><strong><em>οὖν</em></strong></span> <span class='ocrx_word' id='word_1_191' title='bbox 1559 1494 1687 1538; x_wconf 71' lang='grc' dir='ltr'><strong><em>αὐτὸν</em></strong></span> <span class='ocrx_word' id='word_1_192' title='bbox 1717 1495 1794 1537; x_wconf 68' lang='lat'>«521</span> 
     </span>
     <span class='ocr_line' id='line_1_22' title="bbox 298 1560 1743 1618; baseline -0.001 -14"><span class='ocrx_word' id='word_1_193' title='bbox 298 1561 498 1616; x_wconf 79' lang='grc' dir='ltr'><strong><em>βασιλεύς</em></strong></span> <span class='ocrx_word' id='word_1_194' title='bbox 525 1560 595 1604; x_wconf 70' lang='grc' dir='ltr'>διὰ</span> <span class='ocrx_word' id='word_1_195' title='bbox 629 1560 706 1616; x_wconf 71' lang='grc' dir='ltr'>τὴν</span> <span class='ocrx_word' id='word_1_196' title='bbox 738 1561 950 1616; x_wconf 69' lang='grc' dir='ltr'><strong><em>ὑποταγὴν</em></strong></span> <span class='ocrx_word' id='word_1_197' title='bbox 973 1564 1045 1604; x_wconf 84' lang='grc' dir='ltr'>καί</span> <span class='ocrx_word' id='word_1_198' title='bbox 1069 1561 1253 1618; x_wconf 76' lang='grc' dir='ltr'><strong><em>μεγάλην</em></strong></span> <span class='ocrx_word' id='word_1_199' title='bbox 1279 1560 1531 1617; x_wconf 79' lang='grc' dir='ltr'><strong><em>δουλοσύνην</em></strong></span> <span class='ocrx_word' id='word_1_200' title='bbox 1558 1561 1610 1618; x_wconf 77' lang='grc' dir='ltr'><strong><em>ἢν</em></strong></span> <span class='ocrx_word' id='word_1_201' title='bbox 1635 1560 1743 1603; x_wconf 76' lang='grc' dir='ltr'><strong><em>ἔδει·</em></strong></span> 
     </span>
     <span class='ocr_line' id='line_1_23' title="bbox 301 1625 1742 1685; baseline 0.001 -17"><span class='ocrx_word' id='word_1_202' title='bbox 301 1631 344 1677; x_wconf 79' lang='grc' dir='ltr'>ξε</span> <span class='ocrx_word' id='word_1_203' title='bbox 363 1644 374 1655; x_wconf 91' lang='grc'><em>·</em></span> <span class='ocrx_word' id='word_1_204' title='bbox 429 1629 503 1669; x_wconf 81' lang='grc' dir='ltr'><strong><em>καί</em></strong></span> <span class='ocrx_word' id='word_1_205' title='bbox 530 1629 675 1681; x_wconf 83' lang='grc' dir='ltr'><strong><em>χώραν</em></strong></span> <span class='ocrx_word' id='word_1_206' title='bbox 701 1625 872 1682; x_wconf 70' lang='grc' dir='ltr'><strong><em>αἰτήσας</em></strong></span> <span class='ocrx_word' id='word_1_207' title='bbox 891 1629 946 1685; x_wconf 74' lang='grc' dir='ltr'>τῷ</span> <span class='ocrx_word' id='word_1_208' title='bbox 974 1631 1142 1681; x_wconf 81' lang='grc' dir='ltr'><strong><em>βασιλεῖ</em></strong></span> <span class='ocrx_word' id='word_1_209' title='bbox 1170 1630 1230 1676; x_wconf 78' lang='grc' dir='ltr'><strong><em>εἷς</em></strong></span> <span class='ocrx_word' id='word_1_210' title='bbox 1259 1629 1510 1683; x_wconf 84' lang='grc' dir='ltr'><strong><em>κατοίκησιν,</em></strong></span> <span class='ocrx_word' id='word_1_211' title='bbox 1541 1627 1614 1670; x_wconf 82' lang='grc' dir='ltr'>καὶ</span> <span class='ocrx_word' id='word_1_212' title='bbox 1639 1629 1742 1670; x_wconf 80' lang='grc' dir='ltr'><strong><em>ἑδω-</em></strong></span> 
     </span>
     <span class='ocr_line' id='line_1_24' title="bbox 301 1690 1744 1749; baseline 0.001 -14"><span class='ocrx_word' id='word_1_213' title='bbox 301 1693 461 1749; x_wconf 82' lang='grc' dir='ltr'><strong><em>ρήσατο</em></strong></span> <span class='ocrx_word' id='word_1_214' title='bbox 490 1690 511 1734; x_wconf 82' lang='grc' dir='ltr'><em>ὃ</em></span> <span class='ocrx_word' id='word_1_215' title='bbox 538 1691 738 1747; x_wconf 76' lang='grc' dir='ltr'><strong><em>βασιλεύς</em></strong></span> <span class='ocrx_word' id='word_1_216' title='bbox 766 1691 873 1746; x_wconf 76' lang='grc' dir='ltr'><strong><em>μετὰ</em></strong></span> <span class='ocrx_word' id='word_1_217' title='bbox 911 1690 1155 1749; x_wconf 75' lang='grc' dir='ltr'><strong><em>γράμματος</em></strong></span> <span class='ocrx_word' id='word_1_218' title='bbox 1188 1696 1420 1747; x_wconf 85' lang='grc' dir='ltr'><strong><em>βασιλικοῦ.</em></strong></span> <span class='ocrx_word' id='word_1_219' title='bbox 1474 1694 1744 1748; x_wconf 79' lang='grc' dir='ltr'><strong><em>ἀναζωσάμε-</em></strong></span> 
     </span>
    </p>
   </div>
   <div class='ocr_carea' id='block_1_3' title="bbox 305 1874 1806 2764">
    <p class='ocr_par' dir='ltr' id='par_1_3' title="bbox 305 1874 1806 2764">
     <span class='ocr_line' id='line_1_25' title="bbox 305 1874 1742 1920; baseline 0 -12"><span class='ocrx_word' id='word_1_220' title='bbox 305 1879 415 1908; x_wconf 67' lang='lat' dir='ltr'>tatem</span> <span class='ocrx_word' id='word_1_221' title='bbox 441 1874 546 1920; x_wconf 82' lang='lat' dir='ltr'>cpoli</span> <span class='ocrx_word' id='word_1_222' title='bbox 572 1874 671 1908; x_wconf 79' lang='lat' dir='ltr'>exsul</span> <span class='ocrx_word' id='word_1_223' title='bbox 695 1880 730 1908; x_wconf 87' lang='lat' dir='ltr'>et</span> <span class='ocrx_word' id='word_1_224' title='bbox 744 1874 939 1910; x_wconf 87' lang='lat' dir='ltr'>Mohameti</span> <span class='ocrx_word' id='word_1_225' title='bbox 958 1877 1159 1910; x_wconf 78' lang='lat' dir='ltr'>familiaris:</span> <span class='ocrx_word' id='word_1_226' title='bbox 1185 1876 1280 1910; x_wconf 85' lang='lat' dir='ltr'>hunc</span> <span class='ocrx_word' id='word_1_227' title='bbox 1304 1876 1367 1909; x_wconf 90' lang='lat' dir='ltr'>ille</span> <span class='ocrx_word' id='word_1_228' title='bbox 1392 1876 1598 1917; x_wconf 78' lang='lat' dir='ltr'>adhibebat,</span> <span class='ocrx_word' id='word_1_229' title='bbox 1616 1882 1655 1910; x_wconf 89' lang='lat' dir='ltr'>ut</span> <span class='ocrx_word' id='word_1_230' title='bbox 1678 1876 1742 1909; x_wconf 86' lang='lat' dir='ltr'>he-</span> 
     </span>
     <span class='ocr_line' id='line_1_26' title="bbox 308 1921 1742 1969; baseline 0.001 -15"><span class='ocrx_word' id='word_1_231' title='bbox 308 1933 369 1955; x_wconf 82' lang='lat' dir='ltr'>rae</span> <span class='ocrx_word' id='word_1_232' title='bbox 395 1927 432 1955; x_wconf 87' lang='lat' dir='ltr'>et</span> <span class='ocrx_word' id='word_1_233' title='bbox 454 1922 597 1965; x_wconf 85' lang='lat' dir='ltr'>coniugi</span> <span class='ocrx_word' id='word_1_234' title='bbox 617 1933 701 1954; x_wconf 85' lang='lat' dir='ltr'>suae</span> <span class='ocrx_word' id='word_1_235' title='bbox 726 1921 871 1964; x_wconf 86' lang='lat' dir='ltr'>diceret,</span> <span class='ocrx_word' id='word_1_236' title='bbox 898 1924 1163 1958; x_wconf 84' lang='lat' dir='ltr'>commendaret</span> <span class='ocrx_word' id='word_1_237' title='bbox 1187 1930 1224 1957; x_wconf 91' lang='lat' dir='ltr'>et</span> <span class='ocrx_word' id='word_1_238' title='bbox 1247 1923 1488 1969; x_wconf 82' lang='lat' dir='ltr'>persuaderet,</span> <span class='ocrx_word' id='word_1_239' title='bbox 1517 1935 1562 1956; x_wconf 90' lang='lat' dir='ltr'>ne</span> <span class='ocrx_word' id='word_1_240' title='bbox 1586 1924 1742 1956; x_wconf 79' lang='lat' dir='ltr'>tristare-</span> 
     </span>
     <span class='ocr_line' id='line_1_27' title="bbox 307 1967 1745 2016; baseline 0 -14"><span class='ocrx_word' id='word_1_241' title='bbox 307 1975 377 2009; x_wconf 82' lang='lat' dir='ltr'>tur,</span> <span class='ocrx_word' id='word_1_242' title='bbox 403 1969 473 2001; x_wconf 86' lang='lat' dir='ltr'>imo</span> <span class='ocrx_word' id='word_1_243' title='bbox 502 1970 620 2013; x_wconf 87' lang='lat' dir='ltr'>potius</span> <span class='ocrx_word' id='word_1_244' title='bbox 647 1967 837 2011; x_wconf 80' lang='lat' dir='ltr'>gauderet:</span> <span class='ocrx_word' id='word_1_245' title='bbox 872 1969 1102 2016; x_wconf 81' lang='lat' dir='ltr'>habebatque</span> <span class='ocrx_word' id='word_1_246' title='bbox 1141 1971 1269 2003; x_wconf 87' lang='lat' dir='ltr'>mulier</span> <span class='ocrx_word' id='word_1_247' title='bbox 1294 1970 1529 2015; x_wconf 79' lang='lat' dir='ltr'>pseudabbati</span> <span class='ocrx_word' id='word_1_248' title='bbox 1555 1971 1745 2010; x_wconf 87' lang='lat' dir='ltr'>maiorem,</span> 
     </span>
     <span class='ocr_line' id='line_1_28' title="bbox 309 2014 1747 2062; baseline 0.002 -15"><span class='ocrx_word' id='word_1_249' title='bbox 309 2026 415 2060; x_wconf 85' lang='lat' dir='ltr'>quam</span> <span class='ocrx_word' id='word_1_250' title='bbox 441 2015 570 2047; x_wconf 79' lang='lat' dir='ltr'>marito</span> <span class='ocrx_word' id='word_1_251' title='bbox 596 2014 712 2047; x_wconf 83' lang='lat' dir='ltr'>fidem.</span> <span class='ocrx_word' id='word_1_252' title='bbox 739 2026 810 2059; x_wconf 82' lang='lat' dir='ltr'>qua</span> <span class='ocrx_word' id='word_1_253' title='bbox 838 2016 882 2048; x_wconf 89' lang='lat' dir='ltr'>de</span> <span class='ocrx_word' id='word_1_254' title='bbox 908 2028 944 2049; x_wconf 88' lang='lat' dir='ltr'>re</span> <span class='ocrx_word' id='word_1_255' title='bbox 971 2029 1093 2050; x_wconf 88' lang='lat' dir='ltr'>omnes</span> <span class='ocrx_word' id='word_1_256' title='bbox 1128 2018 1312 2058; x_wconf 82' lang='lat' dir='ltr'>affirmant,</span> <span class='ocrx_word' id='word_1_257' title='bbox 1336 2016 1574 2051; x_wconf 82' lang='lat' dir='ltr'>Mohametem</span> <span class='ocrx_word' id='word_1_258' title='bbox 1601 2023 1747 2062; x_wconf 74' lang='lat' dir='ltr'>propter</span> 
     </span>
     <span class='ocr_line' id='line_1_29' title="bbox 308 2061 1747 2108; baseline 0.001 -14"><span class='ocrx_word' id='word_1_259' title='bbox 308 2061 565 2108; x_wconf 84' lang='lat' dir='ltr'>pseudabbatis</span> <span class='ocrx_word' id='word_1_260' title='bbox 593 2062 705 2106; x_wconf 79' lang='lat' dir='ltr'>Sergii</span> <span class='ocrx_word' id='word_1_261' title='bbox 728 2062 921 2096; x_wconf 84' lang='lat' dir='ltr'>amicitiam</span> <span class='ocrx_word' id='word_1_262' title='bbox 947 2064 1195 2106; x_wconf 87' lang='lat' dir='ltr'>constituisse,</span> <span class='ocrx_word' id='word_1_263' title='bbox 1218 2069 1258 2097; x_wconf 91' lang='lat' dir='ltr'>ut</span> <span class='ocrx_word' id='word_1_264' title='bbox 1282 2064 1401 2096; x_wconf 88' lang='lat' dir='ltr'>cuncti</span> <span class='ocrx_word' id='word_1_265' title='bbox 1427 2064 1593 2096; x_wconf 88' lang='lat' dir='ltr'>monachi</span> <span class='ocrx_word' id='word_1_266' title='bbox 1618 2064 1747 2096; x_wconf 86' lang='lat' dir='ltr'>immu-</span> 
     </span>
     <span class='ocr_line' id='line_1_30' title="bbox 307 2108 1748 2154; baseline 0 -12"><span class='ocrx_word' id='word_1_267' title='bbox 307 2120 373 2142; x_wconf 79' lang='lat' dir='ltr'>nes</span> <span class='ocrx_word' id='word_1_268' title='bbox 398 2113 537 2141; x_wconf 86' lang='lat' dir='ltr'>essent:</span> <span class='ocrx_word' id='word_1_269' title='bbox 563 2108 662 2153; x_wconf 88' lang='lat' dir='ltr'>quod</span> <span class='ocrx_word' id='word_1_270' title='bbox 684 2119 770 2141; x_wconf 86' lang='lat' dir='ltr'>sane</span> <span class='ocrx_word' id='word_1_271' title='bbox 802 2109 997 2154; x_wconf 86' lang='lat' dir='ltr'>imperavit.</span> <span class='ocrx_word' id='word_1_272' title='bbox 1038 2123 1121 2145; x_wconf 86' lang='lat' dir='ltr'>mox</span> <span class='ocrx_word' id='word_1_273' title='bbox 1145 2110 1355 2145; x_wconf 88' lang='lat' dir='ltr'>Mohametis</span> <span class='ocrx_word' id='word_1_274' title='bbox 1379 2111 1507 2143; x_wconf 80' lang='lat' dir='ltr'>coniux</span> <span class='ocrx_word' id='word_1_275' title='bbox 1538 2110 1748 2143; x_wconf 81' lang='lat' dir='ltr'>mulieribus</span> 
     </span>
     <span class='ocr_line' id='line_1_31' title="bbox 309 2155 1747 2202; baseline 0.001 -14"><span class='ocrx_word' id='word_1_276' title='bbox 309 2155 498 2200; x_wconf 82' lang='lat' dir='ltr'>persuasit,</span> <span class='ocrx_word' id='word_1_277' title='bbox 521 2155 687 2188; x_wconf 85' lang='lat' dir='ltr'>maritum</span> <span class='ocrx_word' id='word_1_278' title='bbox 711 2167 814 2188; x_wconf 86' lang='lat' dir='ltr'>suum</span> <span class='ocrx_word' id='word_1_279' title='bbox 837 2156 1048 2201; x_wconf 84' lang='lat' dir='ltr'>prophetam</span> <span class='ocrx_word' id='word_1_280' title='bbox 1082 2169 1181 2200; x_wconf 76' lang='lat' dir='ltr'>esse3</span> <span class='ocrx_word' id='word_1_281' title='bbox 1217 2163 1323 2202; x_wconf 85' lang='lat' dir='ltr'>atque</span> <span class='ocrx_word' id='word_1_282' title='bbox 1347 2169 1368 2189; x_wconf 92' lang='lat' dir='ltr'>a</span> <span class='ocrx_word' id='word_1_283' title='bbox 1395 2157 1536 2190; x_wconf 77' lang='lat' dir='ltr'>seminis</span> <span class='ocrx_word' id='word_1_284' title='bbox 1562 2157 1747 2190; x_wconf 78' lang='lat' dir='ltr'>Mohame-</span> 
     </span>
     <span class='ocr_line' id='line_1_32' title="bbox 309 2201 1746 2248; baseline 0 -12"><span class='ocrx_word' id='word_1_285' title='bbox 309 2208 363 2236; x_wconf 83' lang='lat' dir='ltr'>tes</span> <span class='ocrx_word' id='word_1_286' title='bbox 389 2201 524 2235; x_wconf 80' lang='lat' dir='ltr'>maritis</span> <span class='ocrx_word' id='word_1_287' title='bbox 543 2201 821 2242; x_wconf 84' lang='lat' dir='ltr'>commendatus,</span> <span class='ocrx_word' id='word_1_288' title='bbox 846 2209 1026 2247; x_wconf 88' lang='lat' dir='ltr'>postremo</span> <span class='ocrx_word' id='word_1_289' title='bbox 1055 2216 1118 2248; x_wconf 86' lang='lat' dir='ltr'>per</span> <span class='ocrx_word' id='word_1_290' title='bbox 1141 2205 1260 2238; x_wconf 87' lang='lat' dir='ltr'>orbem</span> <span class='ocrx_word' id='word_1_291' title='bbox 1285 2210 1457 2236; x_wconf 84' lang='lat' dir='ltr'>terrarum</span> <span class='ocrx_word' id='word_1_292' title='bbox 1482 2203 1526 2236; x_wconf 86' lang='lat' dir='ltr'>ab</span> <span class='ocrx_word' id='word_1_293' title='bbox 1553 2204 1673 2237; x_wconf 83' lang='lat' dir='ltr'>insciis</span> <span class='ocrx_word' id='word_1_294' title='bbox 1702 2215 1746 2236; x_wconf 88' lang='lat' dir='ltr'>eo</span> 
     </span>
     <span class='ocr_line' id='line_1_33' title="bbox 308 2248 1747 2295; baseline 0.001 -14"><span class='ocrx_word' id='word_1_295' title='bbox 308 2250 454 2282; x_wconf 87' lang='lat' dir='ltr'>nomine</span> <span class='ocrx_word' id='word_1_296' title='bbox 482 2248 684 2293; x_wconf 85' lang='lat' dir='ltr'>appellatus</span> <span class='ocrx_word' id='word_1_297' title='bbox 710 2254 783 2288; x_wconf 90' lang='lat' dir='ltr'>est,</span> <span class='ocrx_word' id='word_1_298' title='bbox 808 2254 845 2282; x_wconf 90' lang='lat' dir='ltr'>et</span> <span class='ocrx_word' id='word_1_299' title='bbox 875 2250 1001 2294; x_wconf 85' lang='lat' dir='ltr'>ingens</span> <span class='ocrx_word' id='word_1_300' title='bbox 1027 2251 1066 2284; x_wconf 89' lang='lat' dir='ltr'>id</span> <span class='ocrx_word' id='word_1_301' title='bbox 1089 2251 1312 2284; x_wconf 79' lang='lat' dir='ltr'>mendacium</span> <span class='ocrx_word' id='word_1_302' title='bbox 1338 2250 1519 2295; x_wconf 83' lang='lat' dir='ltr'>hodieque</span> <span class='ocrx_word' id='word_1_303' title='bbox 1544 2250 1588 2282; x_wconf 83' lang='lat' dir='ltr'>ab</span> <span class='ocrx_word' id='word_1_304' title='bbox 1612 2251 1747 2283; x_wconf 75' lang='lat' dir='ltr'>ismae-</span> 
     </span>
     <span class='ocr_line' id='line_1_34' title="bbox 311 2295 1747 2342; baseline 0.001 -14"><span class='ocrx_word' id='word_1_305' title='bbox 311 2295 386 2328; x_wconf 85' lang='lat' dir='ltr'>litis</span> <span class='ocrx_word' id='word_1_306' title='bbox 424 2295 644 2328; x_wconf 83' lang='lat' dir='ltr'>decantatur.</span> <span class='ocrx_word' id='word_1_307' title='bbox 683 2306 791 2328; x_wconf 75' lang='lat' dir='ltr'>uxore</span> <span class='ocrx_word' id='word_1_308' title='bbox 826 2303 985 2338; x_wconf 89' lang='lat' dir='ltr'>mortua,</span> <span class='ocrx_word' id='word_1_309' title='bbox 1020 2304 1196 2331; x_wconf 81' lang='lat' dir='ltr'>tantarum</span> <span class='ocrx_word' id='word_1_310' title='bbox 1210 2309 1327 2342; x_wconf 48' lang='lat' dir='ltr'>„opum</span> <span class='ocrx_word' id='word_1_311' title='bbox 1354 2303 1390 2330; x_wconf 85' lang='lat' dir='ltr'>et</span> <span class='ocrx_word' id='word_1_312' title='bbox 1419 2297 1619 2330; x_wconf 90' lang='lat' dir='ltr'>divitiarum</span> <span class='ocrx_word' id='word_1_313' title='bbox 1644 2296 1747 2330; x_wconf 84' lang='lat' dir='ltr'>heres</span> 
     </span>
     <span class='ocr_line' id='line_1_35' title="bbox 309 2342 1747 2388; baseline 0.001 -13"><span class='ocrx_word' id='word_1_314' title='bbox 309 2343 438 2383; x_wconf 78' lang='lat' dir='ltr'>sactus,</span> <span class='ocrx_word' id='word_1_315' title='bbox 465 2342 721 2375; x_wconf 86' lang='lat' dir='ltr'>Ismaelitarum</span> <span class='ocrx_word' id='word_1_316' title='bbox 749 2353 833 2375; x_wconf 89' lang='lat' dir='ltr'>suae</span> <span class='ocrx_word' id='word_1_317' title='bbox 859 2344 1013 2387; x_wconf 84' lang='lat' dir='ltr'>regionis</span> <span class='ocrx_word' id='word_1_318' title='bbox 1040 2345 1111 2378; x_wconf 74' lang='lat' dir='ltr'>dux</span> <span class='ocrx_word' id='word_1_319' title='bbox 1134 2345 1254 2378; x_wconf 85' lang='lat' dir='ltr'>evasit.</span> <span class='ocrx_word' id='word_1_320' title='bbox 1284 2344 1347 2377; x_wconf 84' lang='lat' dir='ltr'>illo</span> <span class='ocrx_word' id='word_1_321' title='bbox 1374 2350 1534 2388; x_wconf 84' lang='lat' dir='ltr'>tempore</span> <span class='ocrx_word' id='word_1_322' title='bbox 1562 2343 1704 2376; x_wconf 69' lang='lat' dir='ltr'>rediens</span> <span class='ocrx_word' id='word_1_323' title='bbox 1725 2353 1747 2376; x_wconf 79' lang='lat' dir='ltr'>e</span> 
     </span>
     <span class='ocr_line' id='line_1_36' title="bbox 311 2389 1747 2435; baseline 0.001 -14"><span class='ocrx_word' id='word_1_324' title='bbox 311 2389 427 2422; x_wconf 85' lang='lat' dir='ltr'>Persis</span> <span class='ocrx_word' id='word_1_325' title='bbox 452 2393 535 2434; x_wconf 83' lang='lat' dir='ltr'>post</span> <span class='ocrx_word' id='word_1_326' title='bbox 570 2399 731 2432; x_wconf 83' lang='lat' dir='ltr'>magnam</span> <span class='ocrx_word' id='word_1_327' title='bbox 769 2389 953 2422; x_wconf 86' lang='lat' dir='ltr'>victoriam</span> <span class='ocrx_word' id='word_1_328' title='bbox 990 2391 1181 2435; x_wconf 85' lang='lat' dir='ltr'>imperator</span> <span class='ocrx_word' id='word_1_329' title='bbox 1213 2392 1413 2432; x_wconf 84' lang='lat' dir='ltr'>Heraclius,</span> <span class='ocrx_word' id='word_1_330' title='bbox 1447 2391 1586 2435; x_wconf 83' lang='lat' dir='ltr'>aliquot</span> <span class='ocrx_word' id='word_1_331' title='bbox 1609 2390 1747 2423; x_wconf 85' lang='lat' dir='ltr'>dierum</span> 
     </span>
     <span class='ocr_line' id='line_1_37' title="bbox 312 2435 1748 2482; baseline 0.001 -14"><span class='ocrx_word' id='word_1_332' title='bbox 312 2435 443 2469; x_wconf 87' lang='lat' dir='ltr'>itinere</span> <span class='ocrx_word' id='word_1_333' title='bbox 481 2435 528 2468; x_wconf 84' lang='lat' dir='ltr'>ad</span> <span class='ocrx_word' id='word_1_334' title='bbox 554 2446 596 2468; x_wconf 86' lang='lat' dir='ltr'>ea</span> <span class='ocrx_word' id='word_1_335' title='bbox 632 2436 711 2468; x_wconf 79' lang='lat' dir='ltr'>loca</span> <span class='ocrx_word' id='word_1_336' title='bbox 733 2436 926 2480; x_wconf 78' lang='lat' dir='ltr'>procedere</span> <span class='ocrx_word' id='word_1_337' title='bbox 957 2437 1113 2479; x_wconf 82' lang='lat' dir='ltr'>volebat,</span> <span class='ocrx_word' id='word_1_338' title='bbox 1139 2439 1176 2471; x_wconf 88' lang='lat' dir='ltr'>in</span> <span class='ocrx_word' id='word_1_339' title='bbox 1201 2438 1330 2482; x_wconf 84' lang='lat' dir='ltr'>quibus</span> <span class='ocrx_word' id='word_1_340' title='bbox 1357 2438 1511 2470; x_wconf 87' lang='lat' dir='ltr'>nefarius</span> <span class='ocrx_word' id='word_1_341' title='bbox 1534 2437 1602 2470; x_wconf 87' lang='lat' dir='ltr'>iste</span> <span class='ocrx_word' id='word_1_342' title='bbox 1628 2449 1748 2470; x_wconf 80' lang='lat' dir='ltr'>versa-</span> 
     </span>
     <span class='ocr_line' id='line_1_38' title="bbox 312 2481 1806 2528; baseline 0.001 -14"><span class='ocrx_word' id='word_1_343' title='bbox 312 2481 419 2515; x_wconf 83' lang='lat' dir='ltr'>batur</span> <span class='ocrx_word' id='word_1_344' title='bbox 445 2486 482 2515; x_wconf 90' lang='lat' dir='ltr'>et</span> <span class='ocrx_word' id='word_1_345' title='bbox 507 2481 704 2515; x_wconf 83' lang='lat' dir='ltr'>habitabat.</span> <span class='ocrx_word' id='word_1_346' title='bbox 744 2482 841 2527; x_wconf 90' lang='lat' dir='ltr'>quod</span> <span class='ocrx_word' id='word_1_347' title='bbox 867 2483 929 2515; x_wconf 87' lang='lat' dir='ltr'>ubi</span> <span class='ocrx_word' id='word_1_348' title='bbox 954 2484 1091 2518; x_wconf 85' lang='lat' dir='ltr'>audivit</span> <span class='ocrx_word' id='word_1_349' title='bbox 1119 2484 1276 2524; x_wconf 81' lang='lat' dir='ltr'>nebulo,</span> <span class='ocrx_word' id='word_1_350' title='bbox 1302 2484 1347 2517; x_wconf 89' lang='lat' dir='ltr'>ad</span> <span class='ocrx_word' id='word_1_351' title='bbox 1371 2483 1591 2517; x_wconf 84' lang='lat' dir='ltr'>adorandum</span> <span class='ocrx_word' id='word_1_352' title='bbox 1631 2484 1748 2528; x_wconf 83' lang='lat' dir='ltr'>impe-</span> <span class='ocrx_word' id='word_1_353' title='bbox 1804 2500 1806 2502; x_wconf 91' lang='lat'>·</span> 
     </span>
     <span class='ocr_line' id='line_1_39' title="bbox 315 2529 1806 2575; baseline 0.003 -15"><span class='ocrx_word' id='word_1_354' title='bbox 315 2533 466 2561; x_wconf 83' lang='lat' dir='ltr'>ratorem</span> <span class='ocrx_word' id='word_1_355' title='bbox 491 2540 570 2562; x_wconf 88' lang='lat' dir='ltr'>cum</span> <span class='ocrx_word' id='word_1_356' title='bbox 598 2529 680 2561; x_wconf 81' lang='lat' dir='ltr'>aliis</span> <span class='ocrx_word' id='word_1_357' title='bbox 715 2529 900 2562; x_wconf 88' lang='lat' dir='ltr'>nonnullis</span> <span class='ocrx_word' id='word_1_358' title='bbox 927 2529 1039 2563; x_wconf 86' lang='lat' dir='ltr'>tribus</span> <span class='ocrx_word' id='word_1_359' title='bbox 1072 2542 1155 2564; x_wconf 88' lang='lat' dir='ltr'>suae</span> <span class='ocrx_word' id='word_1_360' title='bbox 1180 2530 1386 2564; x_wconf 87' lang='lat' dir='ltr'>hominibus</span> <span class='ocrx_word' id='word_1_361' title='bbox 1411 2531 1550 2564; x_wconf 85' lang='lat' dir='ltr'>obviam</span> <span class='ocrx_word' id='word_1_362' title='bbox 1580 2530 1613 2563; x_wconf 85' lang='lat' dir='ltr'>ei</span> <span class='ocrx_word' id='word_1_363' title='bbox 1638 2531 1750 2575; x_wconf 85' lang='lat' dir='ltr'>profi·</span> <span class='ocrx_word' id='word_1_364' title='bbox 1801 2539 1806 2564; x_wconf 77' lang='grc' dir='ltr'>ζ</span> 
     </span>
     <span class='ocr_line' id='line_1_40' title="bbox 315 2574 1749 2621; baseline 0.002 -15"><span class='ocrx_word' id='word_1_365' title='bbox 315 2574 483 2615; x_wconf 76' lang='lat' dir='ltr'>ciscitm,</span> <span class='ocrx_word' id='word_1_366' title='bbox 518 2574 624 2608; x_wconf 82' lang='lat' dir='ltr'>(lonis</span> <span class='ocrx_word' id='word_1_367' title='bbox 658 2576 823 2620; x_wconf 84' lang='lat' dir='ltr'>pretiosis</span> <span class='ocrx_word' id='word_1_368' title='bbox 858 2582 895 2609; x_wconf 90' lang='lat' dir='ltr'>et</span> <span class='ocrx_word' id='word_1_369' title='bbox 918 2577 1131 2621; x_wconf 85' lang='lat' dir='ltr'>imperatore</span> <span class='ocrx_word' id='word_1_370' title='bbox 1167 2577 1281 2621; x_wconf 83' lang='lat' dir='ltr'>dignis</span> <span class='ocrx_word' id='word_1_371' title='bbox 1314 2583 1473 2611; x_wconf 80' lang='lat' dir='ltr'>onustus.</span> <span class='ocrx_word' id='word_1_372' title='bbox 1502 2577 1643 2621; x_wconf 80' lang='lat' dir='ltr'>excepit</span> <span class='ocrx_word' id='word_1_373' title='bbox 1668 2588 1749 2610; x_wconf 83' lang='lat' dir='ltr'>eum</span> 
     </span>
     <span class='ocr_line' id='line_1_41' title="bbox 316 2621 1750 2668; baseline 0.003 -16"><span class='ocrx_word' id='word_1_374' title='bbox 316 2621 509 2664; x_wconf 83' lang='lat' dir='ltr'>imperator</span> <span class='ocrx_word' id='word_1_375' title='bbox 531 2627 677 2667; x_wconf 87' lang='lat' dir='ltr'>propter</span> <span class='ocrx_word' id='word_1_376' title='bbox 699 2622 908 2656; x_wconf 87' lang='lat' dir='ltr'>modestiam</span> <span class='ocrx_word' id='word_1_377' title='bbox 933 2629 970 2656; x_wconf 88' lang='lat' dir='ltr'>et</span> <span class='ocrx_word' id='word_1_378' title='bbox 992 2624 1232 2657; x_wconf 84' lang='lat' dir='ltr'>obedientiam</span> <span class='ocrx_word' id='word_1_379' title='bbox 1257 2625 1442 2668; x_wconf 83' lang='lat' dir='ltr'>insignem,</span> <span class='ocrx_word' id='word_1_380' title='bbox 1469 2635 1577 2668; x_wconf 77' lang='lat' dir='ltr'>quam</span> <span class='ocrx_word' id='word_1_381' title='bbox 1602 2635 1685 2668; x_wconf 88' lang='lat' dir='ltr'>prae</span> <span class='ocrx_word' id='word_1_382' title='bbox 1712 2634 1750 2656; x_wconf 81' lang='lat' dir='ltr'>se</span> 
     </span>
     <span class='ocr_line' id='line_1_42' title="bbox 317 2667 1750 2714; baseline 0.002 -15"><span class='ocrx_word' id='word_1_383' title='bbox 317 2667 413 2706; x_wconf 84' lang='lat' dir='ltr'>tulit,</span> <span class='ocrx_word' id='word_1_384' title='bbox 439 2672 476 2701; x_wconf 84' lang='lat' dir='ltr'>et</span> <span class='ocrx_word' id='word_1_385' title='bbox 501 2673 641 2708; x_wconf 84' lang='lat' dir='ltr'>terram,</span> <span class='ocrx_word' id='word_1_386' title='bbox 668 2680 771 2713; x_wconf 86' lang='lat' dir='ltr'>quam</span> <span class='ocrx_word' id='word_1_387' title='bbox 796 2668 994 2711; x_wconf 81' lang='lat' dir='ltr'>habitabat,</span> <span class='ocrx_word' id='word_1_388' title='bbox 1022 2677 1173 2714; x_wconf 82' lang='lat' dir='ltr'>rogatus,</span> <span class='ocrx_word' id='word_1_389' title='bbox 1204 2671 1349 2704; x_wconf 80' lang='lat' dir='ltr'>donavit</span> <span class='ocrx_word' id='word_1_390' title='bbox 1374 2671 1407 2703; x_wconf 88' lang='lat' dir='ltr'>ei</span> <span class='ocrx_word' id='word_1_391' title='bbox 1433 2681 1508 2703; x_wconf 88' lang='lat' dir='ltr'>eam</span> <span class='ocrx_word' id='word_1_392' title='bbox 1533 2682 1610 2703; x_wconf 85' lang='lat' dir='ltr'>cum</span> <span class='ocrx_word' id='word_1_393' title='bbox 1635 2670 1750 2703; x_wconf 82' lang='lat' dir='ltr'>literis</span> 
     </span>
     <span class='ocr_line' id='line_1_43' title="bbox 316 2714 1749 2764; baseline 0.002 -18"><span class='ocrx_word' id='word_1_394' title='bbox 316 2714 567 2759; x_wconf 81' lang='lat' dir='ltr'>imperatoriis.</span> <span class='ocrx_word' id='word_1_395' title='bbox 593 2715 716 2760; x_wconf 82' lang='lat' dir='ltr'>itaque</span> <span class='ocrx_word' id='word_1_396' title='bbox 742 2716 819 2758; x_wconf 85' lang='lat' dir='ltr'>ille,</span> <span class='ocrx_word' id='word_1_397' title='bbox 842 2718 999 2752; x_wconf 86' lang='lat' dir='ltr'>munitus</span> <span class='ocrx_word' id='word_1_398' title='bbox 1024 2718 1093 2751; x_wconf 86' lang='lat' dir='ltr'>iam</span> <span class='ocrx_word' id='word_1_399' title='bbox 1122 2718 1253 2764; x_wconf 87' lang='lat' dir='ltr'>scripto</span> <span class='ocrx_word' id='word_1_400' title='bbox 1279 2716 1501 2763; x_wconf 80' lang='lat' dir='ltr'>imperatoris</span> <span class='ocrx_word' id='word_1_401' title='bbox 1531 2723 1566 2751; x_wconf 83' lang='lat' dir='ltr'>et</span> <span class='ocrx_word' id='word_1_402' title='bbox 1590 2717 1749 2751; x_wconf 80' lang='lat' dir='ltr'>eiusdem</span> 
     </span>
    </p>
   </div>
   <div class='ocr_carea' id='block_1_4' title="bbox 1796 2705 1806 3153">
    <p class='ocr_par' dir='ltr' id='par_1_4' title="bbox 1796 2705 1806 3153">
     <span class='ocr_line' id='line_1_44' title="bbox 1796 2705 1806 3153; textangle 90"><span class='ocrx_word' id='word_1_403' title='bbox 1796 3146 1799 3153; x_wconf 84' lang='grc'><em>“</em></span> <span class='ocrx_word' id='word_1_404' title='bbox 1796 2932 1806 3103; x_wconf 39' lang='grc' dir='ltr'>Μαμωλκμ-</span> <span class='ocrx_word' id='word_1_405' title='bbox 1798 2813 1806 2893; x_wconf 72' lang='lat'>.....</span> <span class='ocrx_word' id='word_1_406' title='bbox 1802 2775 1804 2778; x_wconf 94' lang='lat'>-</span> <span class='ocrx_word' id='word_1_407' title='bbox 1800 2705 1806 2740; x_wconf 52' lang='lat' dir='ltr'>v.-</span> 
     </span>
    </p>
   </div>
  </div>
 </body>
</html>
