1806 3190
280 235 349 269 20
688 232 916 272 GEoRGu
956 230 1274 272 PHRANTZAE

275 333 348 373 τὸν
377 331 574 386 Καίσαρα
606 327 713 384 ὁμοῦ
744 335 830 379 τοῖς
857 332 1100 383 βασιλεῦσιν
1128 331 1171 371 ἐν
1197 335 1290 378 ταῖς
1315 332 1453 379 θείαις
1481 331 1553 374 κατ’
1575 331 1710 387 ἱεραῖς

272 400 545 452 λειτουργίαις
572 398 644 437 καί
668 398 712 438 ἐν
738 395 846 452 πάσῃ
875 394 995 453 ἑτέρᾳ
1023 395 1255 452 ἱεροτελετῇ
1281 396 1354 437 καί
1372 392 1601 456 ἀκολουθίᾳ
1626 400 1710 441 τῶν
1761 410 1782 446 ί

274 463 401 518 ἁγίων
438 464 662 517 ἐκκλησιῶν
698 464 1025 516 μεγαλοφώνως·
1093 459 1247 513 ὁμοίως
1286 461 1360 502 καί
1383 461 1436 503 τά
1475 462 1708 519 παράσημα
1764 490 1780 517 3

272 531 350 570 τοῦ
364 530 583 582 Καίσαρος
606 534 751 583 φορεῖν
771 530 865 569 καθ’
884 526 1060 582 ἑκάστην
1079 527 1240 582 ἡμέραν
1268 529 1312 569 ἐν
1338 531 1466 569 παντί
1502 527 1614 587 τόπῳ
1636 530 1712 572 καὶ

273 591 361 652 (ὅρα
391 597 456 650 ἐφ’
489 591 587 648 ὅλης
614 597 686 648 τῆς
707 596 813 648 ζωῆς
842 594 975 635 affro&
1001 597 1074 635 καί
1101 595 1144 635 ἐν
1161 593 1286 635 παντὶ
1301 595 1431 650 καιρῷ
1455 595 1529 636 καὶ
1550 595 1744 650 θριάμγό

218 671 241 704 σ
269 664 370 714 βους
394 658 600 713 μεγάλους
622 657 864 714 ποιήσαντες
891 655 1021 716 αὐτῷ,
1051 659 1108 708 ὥς
1136 659 1233 707 ἔθος
1260 655 1310 714 ἦν
1330 664 1463 701 ποιεῖν
1480 665 1569 709 τοῖς
1594 675 1710 716 νικη-

267 733 360 775 ταῖς
392 727 436 767 ἐν
462 731 552 774 ταῖς
569 723 785 774 τοιαύταις
809 725 956 774 νίκαις.
983 722 1070 767 εἶτα
1098 726 1341 778 ἐξογκωθείς
1365 730 1458 775 ταῖς
1475 728 1550 780 τῆς
1576 725 1708 781 τύχης
1769 721 1788 801 ξ

267 795 400 840 νίκαις
427 790 448 833 ὁ
476 789 684 844 βασιλεύς,
712 792 918 846 γνωρίσας
943 793 1016 832 καί
1038 792 1110 845 τῆς
1140 791 1371 845 συγκλήτου
1398 791 1511 841 τινὰς
1530 793 1707 834 nai-1⁰5
1771 788 1788 845 3

267 857 402 912 δήμου
432 856 609 906 πολλοὺς
642 856 997 913 διαφυλάττοντας
1025 855 1130 910 πρὸς
1158 856 1289 898 αὑτὸν
1315 852 1482 899 εὔνοιαν
1507 853 1708 913 καί“ἇγοι’-
1767 843 1789 901 23

266 940 346 977 πην
373 922 445 965 καὶ
476 925 633 975 πίστιν,
675 924 745 964 καί
774 924 973 977 ἐπαρθείς
1007 921 1081 977 τήν
1111 920 1321 976 διάνοιαν,
1358 921 1416 978 μή
1447 924 1705 979 φοβούμενος
1720 896 1789 1053 a}

265 989 363 1039 τούς
392 988 615 1044 φρικώδεις
642 991 714 1030 καί
739 987 946 1045 φοβερούς
972 985 1122 1043 ὅρκους
1153 986 1225 1036 οὓς
1249 988 1499 1031 κατενώπιον
1525 991 1601 1031 τοῦ
1628 990 1706 1032 τοῦ

263 1058 457 1110 Χριστοῦ
481 1052 667 1109 βήματος
693 1056 907 1109 ἐποίησεν,
941 1052 1030 1096 ἀλλ’
1061 1057 1353 1105 ἐξαποστείλας
1378 1055 1564 1104 ἐλεεινῶς
1590 1057 1706 1099 ἐστέ-

264 1137 364 1176 ρησε
398 1123 479 1163 τῶν
507 1121 741 1176 ὀφθαλμῶν
766 1119 838 1162 τὸν
865 1120 1062 1173 διάδοχον
1091 1122 1163 1161 καί
1187 1118 1442 1175 κληρονόμον
1479 1123 1554 1175 τῆς
1580 1123 1706 1174 βασιό

262 1188 376 1236 λείας
409 1186 601 1241 Ἰωάννην
630 1185 703 1227 τὸν
731 1184 956 1239 Λάσκαριν
989 1186 1164 1239 δεκαετῆ
1193 1181 1312 1238 ὄντα,
1352 1188 1425 1228 καὶ
1466 1184 1705 1229 οὔτω-,οἶνό-

261 1266 415 1293 ποπτον
442 1250 576 1307 φόβου
609 1250 764 1301 παντὸς
792 1250 868 1306 τήν
895 1252 1111 1304 βασιλείαν
1140 1249 1277 1310 ἐαυτῷ
1303 1250 1590 1308 κατεστήσατο.
1647 1252 1704 1303 ὥς
1721 1267 1735 1295 ¹

261 1319 308 1358 δὲ
355 1312 526 1372 ἤκουσεν
558 1317 579 1359 ὁ
613 1318 875 1372 πατριάρχης
909 1315 987 1372 τήν
1018 1319 1095 1358 τοῦ
1133 1318 1406 1373 ταλαιπώρου
1443 1318 1703 1374 κληρονόμου

259 1385 331 1437 τῆς
356 1383 573 1437 βασιλείας
598 1385 837 1439 τύφλωσιν,
862 1385 989 1438 χερσί
1024 1385 1100 1435 μὲν
1127 1382 1274 1425 ἔτυπτε
1302 1383 1351 1426 τὰ
1381 1386 1559 1439 στέρνα,
1591 1385 1705 1440 ξίφει

260 1450 307 1490 δὲ
333 1449 389 1497 ώς
405 1450 536 1490 εἰπεῖν
564 1449 763 1503 ἐτέτρωτο
792 1447 867 1503 τήν
893 1450 1082 1503 καρδίαν.
1139 1451 1191 1506 γῇ
1212 1453 1284 1491 καί
1309 1450 1412 1507 ἡλίῳ
1439 1451 1512 1504 τὴν
1537 1450 1705 1493 α’δικίαν

258 1512 360 1567 ἐβόα
397 1514 470 1555 καί
496 1513 546 1556 τὰ
576 1519 763 1568 στοιχεῖα
783 1512 887 1568 πρὸς
910 1515 1152 1570 ἐπικουρίαν
1178 1518 1426 1567 ἐπεκαλεῖτο,
1455 1518 1609 1573 κλαίων
1633 1519 1706 1558 καί
1776 1562 1782 1576 ,ἢ

259 1580 465 1631 στενάζων
509 1581 580 1631 καί
609 1578 683 1621 τὸν
707 1577 884 1633 πώγωνα
911 1579 1059 1633 χερσῖν
1096 1582 1283 1635 ἑκριζῶν.
1339 1580 1412 1622 καί
1437 1580 1540 1634 μετὰ
1572 1583 1739 1631 λίθώνα
1767 1603 1774 1629 ,-

260 1645 416 1700 α’γρίων
442 1644 488 1686 τὸ
519 1647 673 1699 στῆθος
702 1646 774 1686 καί
798 1644 848 1686 τά
878 1644 1030 1700 γόνατα
1064 1646 1316 1700 ὀδυρόμενος
1343 1644 1503 1700 ἔτυπτε,
1532 1651 1603 1690 καί
1629 1647 1705 1704 τήν

260 1709 446 1766 κεφαλήν
473 1710 544 1752 ἐπὶ
578 1713 653 1753 τοῦ
681 1711 863 1765 στήθους
901 1711 1067 1767 ἔρριπτε
1095 1710 1258 1767 κράζων
1285 1715 1441 1767 γοεραῖς
1463 1711 1527 1755 “ὠ“
1552 1718 1704 1769 φρῖξον

260 1773 366 1831 ἥλιε,
399 1772 435 1818 αἳ
465 1779 660 1828 στέναξον
684 1779 751 1831 γῆ,
783 1780 855 1819 καί
881 1779 1132 1832 κλονουμὲνη
1159 1776 1310 1833 βόησον
1335 1778 1409 1833 τὴν
1440 1774 1608 1822 οἷδικιάν
1633 1779 1707 1822 καί

354 1861 386 1883 2.
414 1849 489 1884 τῶν
519 1869 565 1875 -
589 1851 690 1895 καθ’]
716 1845 757 1885 τὸ
790 1850 860 1886 τοῦ
886 1854 1083 1897 Καίσαρος
1117 1854 1249 1897 φέρειν
1276 1850 1395 1898 ὄνομα
1418 1855 1503 1887 καθ’
1529 1853 1554 1886 Ρ
1670 1855 1702 1888 5.

352 1898 416 1930 καὶ
440 1897 481 1931 ἐν
501 1899 614 1931 παντὶ
639 1896 758 1943 καιρῷ
785 1909 842 1930 om
866 1898 890 1930 P
999 1910 1047 1930 10.
1072 1898 1112 1945 τῇ
1142 1898 1289 1945 διανοίᾳ
1315 1900 1351 1931 Μ
1483 1901 1531 1944 14.
1555 1899 1704 1944 δεκαετῆ

353 1941 442 1978 ὄντα
466 1954 524 1976 om
548 1944 586 1976 M
681 1949 744 1978 καὶ
768 1943 986 1979 ἀνύποπτον
1003 1957 1045 1991 φ.
1069 1958 1107 1979 π.
1126 1947 1231 1984 οὗτος
1247 1943 1312 1988 τὴν
1335 1951 1366 1991 β.
1393 1947 1589 1994 ἐλευθέραν
1613 1948 1703 1982 ἑαυ-

325 2025 328 2028 ,
350 1990 401 2035 τῷ
427 1990 465 2023 Μ
566 1992 614 2025 15.
641 1991 958 2034 ἅπεκατεστήσατο
983 1992 1005 2023 P
1098 2002 1153 2025 20.
1178 1993 1389 2039 ἐκριζώνων
1408 1994 1446 2026 Μ
1539 2004 1593 2027 21.
1620 1996 1702 2030 ἔτυ-

350 2047 419 2072 πτε
443 2048 500 2069 om
527 2037 551 2070 P
645 2041 709 2072 καὶ
731 2033 797 2081 τὴν
820 2058 866 2064 -
893 2040 1042 2085 ἔρριπτε
1069 2050 1126 2072 om
1151 2040 1176 2072 P

259 2099 460 2133 actionibus
476 2105 559 2145 post
583 2101 831 2145 imperatorem
850 2112 919 2134 una
938 2113 1015 2134 cum
1034 2101 1255 2147 principibus
1271 2102 1366 2135 clara
1384 2113 1470 2136 voce
1487 2113 1703 2137 commemo-

259 2147 330 2178 rari
355 2157 396 2179 ac
420 2146 558 2180 laudari
584 2148 696 2184 iussit.
720 2154 905 2193 praeterea
930 2150 1131 2190 constituit,
1158 2155 1197 2182 ut
1220 2150 1371 2194 insignia
1397 2149 1556 2183 Caesaris
1582 2156 1698 2195 gesta—

260 2199 383 2226 rentur
405 2194 592 2239 quotidie,
630 2196 754 2239 quavis
782 2195 868 2228 hora
899 2200 935 2228 et
971 2196 1073 2236 loco,
1107 2196 1220 2229 donee
1256 2197 1331 2229 eius
1364 2198 1437 2229 vita
1472 2203 1703 2242 suppeteret,

260 2239 448 2285 eidemque
482 2240 653 2286 triumphi
694 2242 811 2274 eximii
844 2247 1049 2285 agerentur,
1087 2243 1208 2288 quales
1242 2243 1436 2276 victoribus
1461 2244 1496 2276 in
1526 2243 1704 2278 eiusmodi

257 2286 414 2320 victoriis
432 2288 488 2332 agi
507 2287 682 2320 solebant.
711 2289 843 2321 deinde
861 2288 915 2321 his
940 2289 1103 2322 fortunae
1122 2290 1309 2322 blanditiis
1336 2289 1480 2324 inflatus
1500 2291 1702 2336 imperator,

259 2334 467 2377 praesertim
504 2343 614 2379 quum
639 2335 866 2378 optimatium
903 2336 1124 2380 quorundam
1149 2343 1185 2369 et
1208 2337 1441 2381 plurimorum
1467 2338 1595 2371 civium
1621 2349 1703 2383 erga

260 2390 297 2412 se
321 2381 605 2426 propensionem,
638 2381 743 2414 fidem
773 2389 808 2415 et
835 2383 1017 2415 caritatem
1048 2384 1296 2428 perspexisset,
1326 2385 1463 2417 animos
1489 2394 1529 2417 ac
1556 2385 1702 2430 spiritus

260 2427 434 2470 capiebat,
458 2439 524 2460 nec
549 2428 745 2474 quidquam
777 2429 909 2462 veritus
936 2429 1012 2461 dira
1039 2436 1074 2463 et
1099 2430 1282 2463 horribilia
1307 2437 1544 2471 sacramenta,
1570 2431 1702 2477 quibus

259 2483 376 2505 coram
389 2474 521 2507 Christi
534 2475 703 2509 tribunali
718 2486 755 2508 se
770 2475 1018 2516 obstrinxerat,
1032 2476 1199 2510 heredem
1213 2478 1351 2522 imperii
1366 2478 1562 2511 Iohannem
1576 2479 1703 2512 Lascu-

261 2519 340 2560 rim,
354 2531 480 2553 novem
499 2527 574 2554 tum
589 2534 700 2556 annos
727 2527 861 2562 natum,
877 2522 1056 2566 ablegavit
1075 2529 1110 2556 et
1137 2524 1387 2567 miserabiliter
1401 2525 1512 2558 oculis
1535 2527 1702 2570 privavit,

262 2576 303 2598 ac
333 2567 383 2599 sic
413 2568 526 2601 omnis
552 2580 678 2614 expers
713 2575 827 2602 metus
861 2569 1007 2602 sibimet.
1043 2569 1238 2604 vindicavit
1263 2572 1459 2616 imperium.
1499 2573 1700 2617 patriarcha

261 2611 323 2644 ubi
346 2615 520 2658 comperit
549 2608 703 2649 infelicis
725 2617 825 2661 pueri
860 2617 1171 2658 excaecationem,
1193 2618 1356 2651 manibus
1383 2624 1508 2663 pectus
1533 2619 1701 2664 plangere

262 2664 299 2691 et
312 2658 443 2702 gladio,
463 2666 503 2693 ut
525 2662 574 2694 ita
594 2663 725 2703 dicam,
741 2661 903 2708 perfodi,
921 2668 1037 2696 terrae
1064 2675 1103 2696 ac
1128 2663 1228 2698 coelo
1242 2665 1429 2698 scelestum
1443 2665 1579 2700 facinus
1596 2666 1699 2711 queri

264 2711 301 2738 et
325 2707 501 2739 elementa
527 2708 601 2753 ipsa
632 2709 677 2742 ad
701 2709 942 2742 ulciscendum
976 2711 1163 2750 invocare,
1191 2713 1342 2755 gemitus
1369 2718 1404 2745 et
1427 2713 1589 2746 lacrimas
1617 2713 1700 2747 fun-

264 2753 369 2789 dere,
400 2753 546 2786 barbam
587 2757 740 2788 evellere
765 2762 800 2789 et
823 2767 905 2788 saxo
931 2768 1055 2800 aspero
1081 2763 1204 2801 pectus
1230 2770 1270 2791 ac
1308 2770 1421 2801 genua
1459 2760 1700 2801 contundere,

264 2806 371 2845 caput
407 2799 594 2834 demittere
619 2808 654 2835 et
687 2803 892 2846 lugubriter.
907 2803 1124 2836 exclamare.-
1155 2805 1200 2837 “0
1229 2805 1292 2844 sol,
1321 2805 1507 2847 horresce,
1534 2819 1554 2839 o
1582 2807 1700 2848 telius,
