1806 3190
309 117 381 173 88
722 134 949 175 Gssonon
990 131 1311 174 PHRANTZAE

307 233 501 291 ἀδελφῶν
524 232 686 275 πάντων
716 230 973 288 φοβούμενος
1003 230 1148 287 φυγών
1180 227 1308 286 ἦλθεν
1334 229 1380 272 ἔν
1393 246 1474 274 τινι
1504 231 1615 289 τόπῳ
1639 247 1746 286 μετα

304 317 414 350 τινος
441 303 629 354 τεχνίτου
665 299 893 350 τοξοποιοῦ,
925 296 997 338 καὶ
1023 300 1112 339 ἐκεῖ
1134 296 1349 350 μισθωτὸς
1378 297 1558 350 ἐγένετο,
1589 298 1659 341 ἵνα
1685 297 1746 354 μὴ
1805 339 1806 350 ἢ

302 368 471 423 γνωσθῇ
491 371 576 414 τοῖς
596 364 808 419 ἀδελφοῖς·
840 364 1089 417 ἀνδρυνθείς
1105 364 1151 404 δὲ
1165 364 1214 419 τῇ
1231 363 1369 420 ἡλικίᾳ
1385 362 1523 418 ὀλίγον
1534 362 1643 417 μετὰ
1657 379 1747 407 τοι.
1805 373 1806 376 ’

302 434 430 487 αὑτης
443 434 680 483 κακουχίας,
699 429 873 483 θεωρῶν
890 427 1024 478 οὕτως
1037 427 1186 483 ἔχοντα
1205 428 1258 470 τὰ
1278 427 1518 483 πράγματα,
1531 428 1604 471 καί
1619 428 1747 480 αὐτὸς

300 500 353 554 τῇ
379 499 454 550 τῆς
479 496 606 550 τύχης
635 497 750 551 φορᾷ
774 493 1040 550 χρησάμενος
1063 497 1198 537 ταῦτα
1225 496 1516 548 συλλογίζεται
1541 497 1616 537 καί
1640 494 1783 551 πρὸς5

299 565 370 604 τὸν
403 562 569 617 ἀμηρᾶν
591 560 856 616 Καραμάνον
883 563 928 604 έν
953 563 1006 618 τῇ
1035 559 1320 604 Καππαδοκία
1347 558 1516 615 ἔρχεται
1542 558 1746 616 βοήθειαν

301 629 441 669 αἰτῶν.
512 625 584 668 καί
623 625 647 667 ὅ
692 622 860 682 ἀμηρᾶς
893 628 1154 682 Καραμάνος
1203 627 1422 679 δεξάμενος
1456 624 1584 669 αὐτὸν
1611 623 1747 682 ἦδέως

262 691 372 734 Βκαί
391 697 517 747 χεῖρα
544 689 682 742 δαίσας
709 693 882 747 ἐξῆλθεν
908 687 1029 741 οὗτος
1056 691 1162 734 κατὰ
1186 693 1262 735 τοῦ
1290 693 1560 748 αὕταδέλφου
1590 695 1744 747 Μωσῆ.

299 756 466 813 πρώτης
496 757 569 799 καί
596 759 796 813 δευτέρας
827 757 968 813 μα’χης
989 761 1207 814 γενομένης
1238 755 1259 798 ὃ
1289 759 1366 799 τοῦ
1394 757 1537 812 Μωσῆ
1567 755 1746 813 στρατὸς

298 824 558 878 ὁπερίσχυσε
585 823 660 865 καί
694 823 716 864 ὅ
746 826 968 879 Μεεμέτης
998 823 1070 865 καὶ
1103 823 1124 866 ὃ
1151 822 1325 877 στρατὸς
1351 825 1484 864 αὐτοῦ
1511 825 1745 879 διεσκορπί-
1762 841 1806 868 ια

295 893 473 944 σθησαν.
530 891 575 931 ἐκ
603 892 741 945 τρίτου
763 892 809 932 δὲ
831 888 903 944 τὴν
929 889 1059 945 τύχην
1078 888 1350 944 λογισάμενος
1374 888 1611 943 δοκιμάσαι,
1640 888 1746 945 πρὸς

293 953 365 996 τὸν
393 957 466 1009 τῆς
494 957 673 1008 Σερβίας
700 957 774 997 καί
801 958 1069 1010 Βουλγαρίας
1097 955 1306 1011 αὐθέντην
1342 955 1416 997 καί
1437 953 1542 1010 πρὸς
1568 954 1641 998 τὸν
1666 958 1745 1009 βα-

295 1023 414 1063 σιλέα
457 1020 594 1063 ἐλθών
631 1021 834 1077 βοήθειαν
877 1023 1051 1075 αἰτῆσαι
1090 1023 1189 1075 παρ’
1232 1022 1389 1074 αὐτῶν,
1427 1022 1500 1063 καί
1537 1019 1746 1071 δαίσαντες

295 1087 409 1143 αὐτῷ
450 1092 576 1140 χεῖρα
619 1085 766 1142 ἱκανὴν
810 1088 882 1128 καί
919 1085 1097 1140 στρατὸν
1141 1088 1312 1142 ἐξῆλθεν
1350 1081 1477 1136 αὖθις
1522 1085 1627 1129 κατὰ
1668 1089 1746 1129 τοῦ

295 1153 460 1205 Μωσῆ·
530 1150 602 1193 καὶ
636 1153 778 1206 μάχης
823 1153 1044 1206 γενομένης
1083 1150 1107 1192 ὅ
1139 1153 1364 1207 Μεεμέτης
1391 1149 1608 1208 ἀπατήσας
1634 1149 1742 1206 μετὰ
1761 1157 1806 1198 15

293 1216 524 1272 χρημάτων
562 1216 740 1266 πολλοὺς
779 1219 862 1259 τῶν
892 1217 1068 1272 πρώτων
1105 1217 1367 1274 στρατηγούς
1395 1220 1468 1260 καί
1491 1216 1746 1274 κυβερνήτας

294 1285 372 1323 τοῦ
402 1284 558 1336 Μωσῆ,
588 1283 768 1338 ἀφέντες
796 1282 925 1325 αὐτὸν
942 1281 1098 1339 ἔφυγον
1120 1283 1226 1338 πρὸς
1257 1282 1330 1326 τὸν
1349 1284 1588 1339 ΠΙεεμέτην.
1643 1283 1666 1326 ὅ
1697 1285 1746 1327 δὲ

293 1350 460 1402 Μωσῆς
488 1348 592 1390 ἰδών
628 1347 699 1389 καὶ
726 1346 850 1397 αὐτὸς
886 1350 946 1397 εἰς
974 1349 1115 1404 φυγὴν
1141 1351 1299 1405 ἐτράπη
1327 1352 1400 1392 καί
1426 1349 1564 1393 ἐλθών
1591 1348 1636 1393 ἔν
1661 1366 1745 1393 τινι

292 1413 405 1470 τόπῳ
435 1414 591 1456 ὑλώδει
624 1413 805 1470 ἐκρύβη·
862 1413 909 1457 ὃν
938 1413 1074 1471 εὗραὶν
1092 1433 1155 1466 τις
1186 1416 1418 1472 στρατηγὸς
1442 1418 1515 1459 τοῦ
1542 1418 1746 1472 Μεεμέτη

292 1481 382 1521 ἐκεῖ
405 1482 599 1531 ἀπέπνιξε
626 1483 851 1536 προστάξει
879 1483 957 1524 τοῦ
986 1482 1192 1525 αὕθέντου
1223 1483 1367 1524 αὐτοῦ.
1425 1481 1587 1537 ἐστάθη
1615 1478 1689 1524 οὖν
1715 1481 1806 1538 ἧσο

293 1546 400 1601 αὕτη
430 1549 626 1600 βασιλεία
656 1547 960 1590 κινδυνεύουσα
989 1547 1062 1590 διὰ
1095 1547 1174 1597 τοὶς
1201 1551 1413 1602 διχονοίας
1439 1547 1515 1599 τὰς
1543 1551 1589 1591 ὲν
1616 1546 1745 1604 ἀλλή-

293 1617 380 1661 λοις
407 1619 492 1661 τοῖς
515 1615 738 1669 τέσσαρσιν
768 1613 968 1670 ἀδελφοῖς
1009 1613 1080 1669 ἔτη
1111 1615 1209 1670 τρία
1244 1614 1317 1656 καί
1341 1617 1474 1670 μῆνας
1500 1614 1602 1667 δυό,
1631 1615 1742 1670 (30.)

293 1680 513 1734 Μεεμέτης
556 1680 603 1720 δὲ
646 1678 847 1736 ἐγκρατὴς
889 1681 1026 1735 πάσης
1057 1682 1128 1736 τῆς
1170 1681 1302 1736 ἀρχῆς
1331 1681 1402 1722 καί
1428 1681 1644 1734 βασιλείας
1669 1680 1744 1735 τῆς

386 1809 417 1832 2.
442 1797 505 1829 καὶ
530 1797 606 1831 ἐκεῖ
627 1807 684 1831 om
707 1796 733 1830 P
851 1797 882 1829 5.
907 1798 1088 1843 λογίζεται
1108 1797 1132 1830 Ρ
1242 1808 1292 1842 ¹7·
1319 1797 1544 1844 μεχεμέτην,
1567 1793 1587 1832 ὁ
1614 1795 1653 1831 δὲ
1674 1806 1742 1842 με.
1798 1815 1806 1828 1

379 1845 534 1888 χεμέτης
556 1842 816 1890 ὑπερίσχυσεν.
845 1839 937 1880 ἰδών
962 1845 1000 1878 δὲ
1033 1845 1077 1885 P,
1100 1844 1239 1877 omissis
1264 1847 1328 1878 καὶ
1353 1840 1464 1882 αὐτὸς
1578 1853 1634 1876 22.
1658 1846 1740 1878 τέσ-

385 1899 525 1935 σαρσιν
550 1901 607 1922 om
635 1891 659 1922 P
769 1890 838 1936 ὅσ]
861 1893 949 1936 περὶ
973 1891 1038 1925 τοῦ
1062 1894 1238 1939 μεεμέτου
1264 1893 1299 1933 Ρ,
1328 1892 1391 1937 qui
1416 1891 1505 1925 alias
1529 1892 1738 1938 μεχεμέτης,

382 1940 471 1984 περὶ
494 1936 554 1980 τῆς
579 1939 766 1982 βασιλείας
782 1941 949 1985 Μεεμέῑη
975 1939 1024 1973 M.

291 2043 460 2077 fratribus
495 2044 747 2078 innotesceret.
787 2050 906 2078 aetate
932 2046 1041 2090 paulo
1067 2045 1234 2090 grandior
1259 2045 1371 2079 factus
1397 2045 1436 2078 in
1471 2044 1536 2078 vili
1565 2043 1632 2077 hac
1650 2054 1736 2078 con-

292 2090 431 2125 ditione
446 2117 455 2132 ,
479 2101 587 2136 quum
611 2103 726 2125 rerum
752 2096 884 2125 statum
910 2092 1196 2135 considerasset,
1233 2093 1311 2137 ipse
1339 2102 1485 2137 quoque
1509 2091 1674 2124 fortunae
1699 2102 1738 2124 se

290 2138 473 2181 permisit,
501 2143 538 2171 et
561 2138 607 2171 ad
625 2138 854 2172 Garamantum
875 2150 1031 2172 amoram
1058 2140 1096 2172 in
1125 2139 1382 2184 Cappadociam
1410 2138 1639 2183 confugiens,
1663 2138 1738 2171 eius

289 2185 465 2217 auxilium
489 2185 674 2229 implorat:
702 2186 813 2218 amice
827 2185 872 2218 ab
892 2197 934 2218 eo
956 2193 1119 2231 receptus
1138 2194 1174 2220 et.
1188 2188 1380 2220 instructus
1410 2186 1542 2230 copiis,
1568 2185 1738 2218 adversus

288 2231 424 2264 Mosam
445 2231 588 2265 fratrem
613 2232 859 2277 proficiscitur.
911 2238 1021 2278 atque
1040 2245 1059 2266 e
1083 2235 1197 2278 primo
1216 2233 1362 2279 quidem
1389 2238 1425 2266 et
1450 2231 1609 2265 secundo
1633 2243 1738 2276 proe-

289 2278 339 2310 lio
365 2279 476 2312 Mosis
514 2280 690 2312 exercitus
715 2280 878 2324 superior
918 2280 1101 2321 discessit,
1133 2281 1353 2314 Mehemetes
1387 2279 1535 2324 eiusque
1562 2278 1738 2312 exercitus

288 2325 400 2369 fugati
427 2331 530 2368 sunt3
558 2326 622 2358 sed
648 2328 793 2359 tertium
817 2326 997 2359 fortunam
1031 2328 1284 2372 experiendam
1307 2338 1383 2360 esse
1409 2332 1516 2366 ratus,
1541 2325 1737 2370 principem

287 2371 432 2406 Serviae
459 2378 495 2405 et
523 2373 707 2417 Bulgariae
735 2379 772 2406 et
790 2374 1040 2418 imperatorem
1067 2374 1155 2407 adiit
1171 2385 1364 2419 eorumque
1389 2373 1596 2418 imploravit
1620 2383 1737 2417 opem,

286 2423 395 2462 atque
424 2420 579 2463 acceptis
605 2419 650 2453 ab
675 2420 720 2453 iis
756 2421 870 2465 copiis
917 2420 1078 2462 idoneis,
1106 2422 1224 2455 denuo
1264 2421 1430 2454 adversus
1456 2419 1593 2452 Mosem
1621 2418 1735 2452 duxit.

286 2466 424 2508 proelio
450 2467 565 2508 inito,
586 2466 615 2500 e
636 2467 813 2512 primariis
838 2467 943 2500 multi
970 2467 1077 2500 duces
1103 2469 1404 2512 centurionesque
1427 2467 1558 2507 Mosis‚
1582 2466 1736 2511 pecunia

284 2523 303 2543 a
327 2511 532 2545 Mehemete
559 2515 739 2558 corrupti,
770 2514 834 2546 illo
861 2514 1000 2555 relicto,
1027 2514 1073 2547 ad
1109 2515 1203 2548 hunc
1232 2515 1487 2559 transfugiunt.
1527 2512 1597 2545 hoc
1625 2524 1734 2558 quum

284 2558 596 2594 animadvertisset
607 2561 744 2602 Moses,
769 2561 806 2593 in
828 2560 946 2605 sugam
964 2562 1095 2605 etipse
1121 2574 1323 2603 conversus,
1348 2562 1386 2594 in
1404 2561 1485 2593 loco
1509 2559 1640 2592 silvoso
1667 2558 1734 2593 de*

285 2604 402 2643 linuit,
438 2606 500 2638 sed
529 2619 547 2638 a
569 2607 659 2640 duce
681 2607 836 2653 quodam
860 2607 1074 2640 Mehemetis
1098 2615 1271 2653 repertus,
1294 2609 1399 2642 huius
1418 2608 1516 2640 iussu
1540 2608 1735 2639 suffocatus

284 2656 348 2683 est.
390 2658 527 2685 versata
571 2655 680 2697 igitur
711 2656 747 2687 in
787 2654 990 2687 discrimine
1019 2655 1136 2688 suerat
1162 2656 1269 2688 huius
1302 2655 1443 2700 imperii
1467 2653 1564 2687 salus
1588 2658 1734 2698 propter

283 2698 471 2734 intestinas
499 2705 652 2744 quatuor
677 2701 826 2744 fratrum
843 2701 1037 2736 discordias
1064 2714 1175 2736 annos
1200 2709 1271 2737 tres
1299 2709 1335 2737 et
1359 2712 1497 2737 menses
1518 2699 1620 2741 duos,
1644 2701 1734 2745 (3.0·)
