1806 3190
551 224 649 264 Lm.
679 225 750 265 111.
793 224 912 267 CAP.
955 227 1007 266 11.
1387 191 1495 265 325

40 322 129 363 Ἴκαὶ
172 317 304 370 οὕτως
349 322 542 378 ἐμηνύθη
578 322 599 365 ὅ
626 325 757 378 μέγας
795 324 895 376 δοὺξ
933 324 1004 366 διὰ
1033 326 1112 367 τοῦ
1136 327 1241 379 ἐμοῦ
1268 328 1340 368 καί
1366 327 1499 370 αὐτοῦ

14 388 291 439 ι--’-συν·τ.ς’κνου,
318 389 396 428 τοῦ
411 388 687 443 ἱερομονάχου
705 390 779 431 καί
801 393 1087 444 πνευματικοῦ
1106 390 1262 446 πατρὸς
1272 392 1496 449 Νεοφύτου

14 455 130 496 Α«ϊοῦ
158 453 202 494 ἐν
229 455 280 509 τῇ
306 455 385 494 τοῦ
412 456 701 509 Χαρσιανι’του
739 457 858 513 μονῇ.
918 459 992 497 καί
1032 458 1217 506 α’κούσας
1253 455 1273 498 ὁ
1302 460 1500 513 Νοταρᾶς

16 546 29 572 ¹,
42 521 152 572 ,περὶ
165 520 285 560 τοῦδε
306 522 384 560 τοῦ
406 519 606 576 ὀφφικιόυ
633 519 807 575 ἔστερξε,
823 521 927 577 πλὴν
940 519 1140 572 ἑκουσίως
1155 520 1182 577 ἢ
1199 524 1403 574 ἀκουσίως
1423 524 1500 565 οὐκ

57 581 172 626 οἶδα·
228 583 302 626 καί
327 587 486 638 μᾶλλον
515 587 722 628 ἐδείκνυεν
750 584 814 629 ὅτι
842 589 915 628 καί
947 589 1045 642 πρὶν
1073 585 1102 642 ἦ
1127 591 1203 631 τοῦ
1231 591 1360 632 εἰπεῖν
1386 591 1503 648 αὐτῷ
1550 582 1554 588 “

23 671 27 675 “
55 652 155 704 περὶ
179 651 330 693 τούτου
359 652 563 705 ἐλογίζετο
591 654 778 707 ποιῆσαι,
806 649 919 702 ὅπως
946 655 1019 695 καί
1048 653 1070 694 ὁ
1097 653 1298 707 βασιλεῦς
1325 655 1501 709 ἅντιχα·

16 732 17 735 ’
56 715 223 772 ρι’σηται
251 721 339 766 τοῖς
366 715 472 767 υἱοῖς
501 717 639 759 αὐτοῦ’
668 713 796 774 ἄλλην
821 717 915 760 τινὰ
944 717 1084 773 τιμήν.
1161 723 1293 762 ταῦτα
1321 716 1397 762 οὖν
1425 722 1498 763 πέ-

31 779 131 835 '’oug-
162 782 238 823 οὐκ
268 781 419 836 ἔλαβον
449 783 519 824 διὰ
546 785 622 838 τήν
648 786 811 838 ταχέως
839 786 1103 826 ἐπελθοῦσαν
1132 785 1191 834 εἰς
1219 784 1329 839 ἡμᾶς
1358 785 1500 840 κοινὴν

55 846 298 904 συμφοράν.
373 850 446 890 καί
470 849 592 892 πάλιν
621 846 710 891 εἶπέ
735 866 808 903 μοι
836 850 857 892 ὗ
884 849 1086 904 βασιλεὺς
1110 847 1176 892 ὅτι
1204 845 1355 906 ἢθελεν
1382 853 1504 905 εὔερ-

18 915 231 968 ογετῆσαί
250 929 324 967 μοι
352 914 426 956 καί
451 914 524 970 τήν
549 917 742 971 τοιαύτην
769 915 910 972 χάριν,
939 916 1007 958 ἵνα
1036 915 1213 974 συζεύξῃ
1243 917 1301 967 εἷς
1327 922 1503 972 γυναῖκα

54 979 131 1034 τὴν
159 978 265 1035 ἑμην
296 983 507 1036 θυγατέρα
538 984 596 1038 τῷ
622 984 823 1040 νεανίσκῳ
856 984 995 1040 ἐκείνῳ
1024 980 1220 1039 Νικολάῳ
1252 985 1310 1040 τῷ
1337 985 1506 1026 Μελισ-

55 1047 179 1103 σηνιῇ,
206 1048 263 1102 τῷ
289 1045 370 1104 υἱῷ
396 1049 496 1088 ποτὲ
525 1046 768 1103 Νικηφόρον
809 1049 883 1090 τοῦ
915 1050 1201 1104 Μελισσηνοῦ,
1234 1047 1280 1090 ὃν
1307 1048 1382 1091 καί
1408 1052 1506 1091 Με·

55 1110 306 1165 λισσουργὸν
335 1112 626 1166 ἑπωνόμαζον,
665 1116 738 1156 τοῦ
781 1116 854 1155 καί
895 1112 1080 1168 μεγάλου
1120 1113 1504 1171 πρωτοστράτορος,

27 1201 28 1204 =
55 1175 236 1232 ὕστερον
275 1179 321 1220 δὲ
357 1181 429 1219 καί
458 1183 765 1234 μητροπολι’του
795 1180 1028 1234 γεγονότος,
1059 1177 1116 1229 ὥς
1159 1183 1205 1222 ὲν
1233 1182 1288 1237 τῷ
1319 1182 1502 1238 δευτέρῳ

19 1239 205 1300 ὄβιβλίῳ
250 1245 321 1298 τῆς
349 1244 468 1298 ἡμῶν
512 1244 699 1298 ἱστορίας
740 1246 1034 1300 ἐμνήσθημεν·
1091 1245 1164 1288 καί
1192 1245 1265 1301 τὴν
1288 1248 1504 1302 ἐπιτροπι-

54 1307 132 1362 κὴν
157 1309 371 1363 διοίκησιν,
388 1306 440 1363 ἢν
460 1308 775 1365 προειρήκαμεν,
804 1314 887 1352 τῶν
914 1310 1065 1353 τούτου
1092 1310 1228 1354 τόπων
1258 1311 1330 1354 καί
1357 1312 1509 1366 χώρων

54 1374 167 1431 δαίσῃ
205 1389 278 1427 μοι
305 1376 380 1417 τοῦ
419 1376 580 1417 ἰθύνειν
609 1376 680 1417 καί
723 1378 937 1432 κυβερνᾶν,
970 1379 1047 1426 ἕως
1077 1373 1127 1419 οὗ
1158 1377 1183 1432 ἦ
1211 1379 1290 1432 ε’μὴ
1320 1377 1508 1433 θυγάτηρ

52 1439 100 1484 τὸ
135 1443 308 1483 δέκατον
347 1445 546 1495 τέταρτον
588 1442 675 1492 ἔτος
707 1444 854 1500 φθάσῃ
894 1447 965 1486 καί
1003 1441 1025 1484 ὅ
1055 1443 1188 1497 γάμος
1214 1448 1366 1493 τέλειος
1391 1446 1510 1498 γένη-

52 1523 134 1549 ται.
165 1509 238 1548 καί
264 1503 370 1562 αὕτη
398 1509 475 1560 μὲν
501 1503 551 1562 ἦν
582 1508 606 1562 ἦ
648 1507 860 1562 ὑπόθεσις,
890 1512 989 1564 περί
1017 1505 1066 1564 ἧς
1093 1508 1230 1563 ἔλεγεν
1258 1509 1279 1551 ὁ
1306 1510 1506 1562 βασιλεὺς

18 1570 120 1614 οῧτι
146 1571 189 1615 αἱ
221 1575 276 1614 δι’
304 1575 409 1624 ἐμοῦ
437 1577 656 1628 πρεσβεῖαι
693 1574 765 1616 καί
802 1573 1040 1629 ὅδοιποριάι
1078 1574 1310 1618 παύσωσιν.
1366 1574 1506 1632 εἴρηκέ

51 1653 126 1690 μοι
153 1640 226 1681 καί
268 1641 411 1692 τοῦτο,
454 1636 516 1681 ὅτι
550 1643 594 1682 ἐν
630 1643 682 1698 τῇ
715 1641 1022 1699 Πελοποννήσῳ
1062 1636 1212 1696 ἤθελεν
1256 1641 1505 1684 ἀποστεῖλαι

52 1702 194 1759 ἕτερόν
214 1718 307 1747 τινα
338 1707 420 1747 τῶν
449 1709 634 1760 γηραιῶν
673 1706 909 1761 ἀρχόντων,
947 1708 1016 1749 ἵνα
1042 1707 1092 1749 τὰ
1123 1710 1255 1748 ἐκεῖσε
1273 1740 1283 1758 ,
1314 1707 1370 1758 ὥς
1398 1707 1503 1763 ἔφη·

51 1786 143 1824 μεν,
173 1769 388 1829 διορθώσῃ
417 1771 521 1826 μετὰ
545 1775 628 1815 τῶν
651 1773 850 1829 ἀδελφῶν
874 1769 1024 1826 αὐτοῦ,
1054 1775 1126 1815 καί
1154 1772 1359 1815 α’νάθεσιν
1389 1771 1500 1830 δαίσῃ

53 1947 118 1982 est,
133 1943 194 1987 qui
210 1954 274 1988 per
291 1949 406 1977 totum
423 1944 517 1977 diem
531 1956 666 1977 mecum
684 1946 756 1979 sint
774 1946 813 1978 in
828 1945 963 1990 palatio
980 1945 1026 1978 ad
1042 1944 1274 1990 providenda,
1289 1944 1499 1985 ordinanda,

53 1994 91 2021 et
116 1989 280 2022 facienda
323 1993 522 2024 necessaria
564 1997 638 2025 tum
663 1993 805 2026 servitia
843 1990 919 2026 tom
943 1993 1091 2026 consilia
1114 1991 1288 2037 imperii.’'
1315 1998 1422 2036 atque
1449 1992 1500 2025 ita

52 2036 290 2080 significatum
316 2043 370 2071 est
394 2049 521 2082 magno
548 2038 629 2071 duci
666 2049 729 2084 per
755 2050 874 2072 meum
912 2045 949 2073 et
983 2040 1095 2084 ipsius
1126 2043 1351 2084 compatrem,
1376 2038 1498 2071 hiero-

49 2083 265 2117 monachum
304 2090 340 2118 et
380 2085 602 2131 spiritualem
636 2092 771 2130 patrem
807 2086 1052 2131 Neophytum,
1085 2087 1146 2133 qui
1189 2087 1226 2119 in
1255 2085 1499 2118 charsianitae

50 2132 267 2164 monasterio
309 2136 396 2165 erat.
444 2132 593 2166 edoctus
629 2132 672 2165 de
714 2132 783 2166 hoc
807 2133 922 2166 officio
948 2133 1116 2174 Notaras,
1154 2145 1227 2166 non
1254 2132 1500 2177 repugnabat,

50 2181 171 2210 utrum
196 2178 353 2212 libenter
379 2184 511 2221 tamen,
552 2191 597 2213 an
631 2180 780 2221 invitus,
804 2181 952 2214 nescio:
985 2191 1199 2226 quamquam
1223 2191 1308 2226 prae
1337 2190 1373 2212 se
1402 2179 1498 2211 fere-

49 2221 124 2265 bat,
150 2225 256 2257 etiam
283 2231 365 2259 ante
419 2237 499 2260 uam
517 2227 673 2259 monitus
697 2232 807 2268 esset,
832 2229 1004 2271 cogitasse
1030 2239 1067 2261 se
1094 2227 1190 2261 istud
1218 2228 1345 2266 facere,
1371 2231 1412 2259 ut
1430 2225 1499 2258 im-

50 2276 195 2349 Εεῐιιὶοι·
233 2272 344 2317 ipsius
377 2238 460 2306 ficiiis
495 2274 601 2306 aliam
640 2274 838 2318 impertiret
864 2274 1085 2318 dignitatem.
1124 2280 1162 2308 at
1189 2274 1282 2307 enim
1308 2272 1398 2305 haec
1423 2284 1497 2306 non

78 2316 253 2352 abuerunt
280 2321 412 2352 exitum
441 2326 588 2366 propter
618 2331 839 2354 communem
867 2322 970 2355 citius
995 2322 1033 2354 in
1058 2332 1124 2355 nos
1150 2322 1374 2364 ingruentem
1399 2320 1495 2352 cala-

50 2364 223 2398 mitatem.
251 2377 368 2399 rursus
396 2367 484 2400 mihi
510 2366 691 2400 affirmavit
714 2368 918 2414 imperator,
942 2369 1046 2401 etiam
1065 2368 1156 2401 hanc
1174 2379 1211 2400 se
1236 2366 1325 2399 mihi
1349 2367 1496 2410 gratiam

51 2409 227 2454 daturum,
260 2418 300 2445 ut
337 2413 446 2446 filiam
479 2426 592 2447 meam
617 2415 739 2447 iuveni
772 2415 965 2448 collocaret
996 2416 1147 2448 Nicolao
1182 2414 1389 2452 Melisseno,
1416 2413 1494 2446 filio

50 2457 245 2503 Nicephori
269 2460 467 2502 Melissmi,
495 2473 601 2508 quem
632 2461 881 2507 Melissurgum
914 2461 1237 2507 cognominabant,
1263 2461 1383 2504 magni
1406 2471 1493 2506 pro-

50 2506 276 2547 maraton-is,
316 2513 441 2552 postea
470 2519 552 2542 vero
577 2509 685 2542 etiam
712 2510 963 2554 metropolitae
996 2520 1143 2543 munere
1167 2507 1294 2548 functi,
1321 2505 1494 2552 quemad-

50 2550 195 2585 modum
222 2553 448 2587 historiarum
477 2554 569 2588 libro
593 2556 750 2589 secundo
777 2557 1145 2597 commemoravimus3
1171 2555 1354 2599 pollicitus
1375 2554 1495 2594 etiam,

50 2597 263 2633 traditurum
287 2612 324 2633 se
351 2601 439 2634 mihi
467 2602 643 2644 vicariam,
669 2603 770 2636 cuius
799 2608 881 2636 ante
907 2604 1125 2636 mentionem
1153 2601 1314 2642 fecimus,
1340 2599 1495 2634 admini-

51 2645 261 2680 strationem
286 2647 445 2681 locorum
471 2649 546 2682 eius
572 2649 868 2696 oppidorumque,
894 2660 986 2695 quae
1002 2650 1171 2682 haberem
1199 2654 1236 2681 et
1260 2659 1495 2693 procurarem,

53 2689 168 2725 donec
195 2693 268 2727 filia
302 2705 379 2728 mea
414 2695 587 2729 decimum
613 2702 780 2742 quartum
819 2708 951 2730 annum
976 2697 1154 2740 attigisset
1192 2701 1229 2728 et
1254 2695 1402 2740 nuptiae
1427 2695 1495 2728 fie-

52 2744 142 2772 rent.
170 2745 277 2786 atque
302 2740 370 2775 hoc
397 2741 488 2775 illud
526 2742 615 2783 suit,
652 2744 689 2777 in
724 2755 796 2790 quo
825 2744 1020 2787 legationes
1045 2749 1081 2775 et
1116 2742 1245 2776 itinera
1273 2753 1350 2775 mea
1388 2741 1495 2775 linem

52 2794 129 2818 esse
157 2785 323 2821 habitura
353 2789 543 2835 imperator
568 2789 758 2825 affirmavit.
796 2790 890 2823 idem
919 2789 1006 2823 mihi
1025 2790 1127 2829 dixit,
1151 2789 1245 2823 velle
1272 2800 1308 2822 se
1332 2790 1369 2822 in
1394 2789 1495 2822 Pelo-

173 2855 388 2892 Phr-antus.
1209 2870 1216 2890 ι
1230 2860 1244 2891 :3
