1806 3190
332 138 442 196 288
744 153 970 195 Gssoflou
1014 153 1334 195 ΡΗΒΑΝΤΖΑΕ

327 259 466 299 πᾶσαν
502 254 623 297 αὐτοὶ
657 247 733 293 otiu
771 248 922 306 ἤθελον
960 254 1254 307 δουλωθῆναι,
1297 252 1403 297 ἀλλὰ
1441 256 1599 307 μᾶλλον
1626 253 1764 311 ἔλεγον

324 326 550 364 α’ποθανεῖν
596 323 781 372 κρεῖττον
809 314 838 372 ἢ
866 319 955 372 ζῆν.
1032 321 1215 374 Τοῦρκος
1246 322 1292 361 δέ
1317 336 1379 369 τις
1404 322 1461 377 τῷ
1490 323 1631 379 α’μηρᾷ
1658 322 1762 365 α’να-

325 388 463 445 φορὰν
489 384 664 440 ποιήσας
693 384 790 437 περὶ
816 385 889 439 τῆς
914 381 1071 426 τούτων
1100 385 1287 440 ἀνδρίας,
1317 389 1564 441 προσέταξεν
1590 389 1659 429 ἳνα
1685 403 1762 430 κα·

323 457 503 496 τέλθωσι
529 450 633 504 μετὰ
664 448 915 502 συμβάσεως
944 450 1016 492 καί
1041 445 1145 492 αἷσιν
1174 450 1390 506 ἐλεύθεροι
1419 448 1604 494 admits
1633 455 1706 494 καί
1732 451 1759 508 ἦ

321 521 424 568 ναῦς
451 518 590 558 αὐτῶν
619 517 692 557 καί
716 516 828 556 πᾶσα
858 515 883 570 ἢ
925 515 1135 570 davonem}
1175 514 1227 572 ἢν
1255 514 1380 570 εἶχον.
1436 518 1509 559 καί
1531 514 1664 568 οὕτως
1689 523 1806 574 ,ts-{⁷

322 587 508 637 νομένων
530 579 656 623 πάλιν
691 578 812 635 μόλις
841 584 887 623 ἐκ
914 583 990 623 τοῦ
1025 580 1187 636 πύργου
1221 582 1394 633 τούτους
1434 581 1603 625 ἔπεισαν
1630 585 1759 627 ἄπελ-

321 654 426 692 θεϊν.
483 647 556 690 καί
583 646 657 689 δύο
683 650 760 700 μὲν
789 646 1045 704 αὐτάδελφοι
1070 649 1242 701 Ἰταλοί,
1277 651 1454 699 Παῦλος
1481 648 1553 690 καί
1576 650 1762 702 Τρωῖλος

321 711 519 767 τοῦνομα,
555 715 599 755 ἐν
635 715 693 770 τῷ
722 715 1022 771 διατεταγμένα)
1059 714 1206 763 αϋτοῖς
1232 714 1343 772 τόπῳ
1372 712 1479 767 μετὰ
1509 716 1583 756 καί
1611 711 1762 769 ἑτέρων

319 783 482 823 πολλῶν
521 782 718 834 γενναίως
763 776 969 832 ἐμάχοντο
1010 781 1084 820 καί
1108 778 1206 828 τούς
1245 782 1468 833 πολεμίους
1495 782 1629 830 κακῶς
1659 781 1764 822 άπε-

263 852 309 897 64
322 849 497 901 δι’ωχνον
525 847 597 887 καί
621 844 695 886 οὐκ
728 841 874 900 ἇγεννῆ
893 844 1135 900 συμπλοκὴν
1162 847 1235 887 καί
1252 845 1452 900 σύρραξιν
1480 847 1660 899 ἐποίουν,
1689 849 1786 894 καί,

322 913 452 970 φόνος
483 906 534 967 ἦν
556 911 816 964 α’ναμεταξύ,
859 914 964 964 λέγω
992 913 1074 953 τῶν
1118 909 1193 952 δύο
1221 915 1362 965 μερῶν
1403 913 1484 953 τῶν
1509 915 1762 966 μαχομένων

318 980 393 1021 καί
430 977 799 1032 ὖπερμαχούντων.
869 979 1074 1033 στραφεὶς
1102 978 1147 1017 δὲ
1177 976 1202 1016 ὅ
1230 979 1408 1026 Παῦλος
1436 978 1508 1018 καί
1534 976 1643 1031 ὁρῶν
1668 978 1763 1027 τούς

1531 1039 1635 1057 utcu

317 1045 538 1097 πολεμίους
566 1042 723 1085 ἔσωθεν
743 1044 817 1097 τῆς
833 1040 991 1091 πόλεως
1009 1045 1117 1096 λέγει
1135 1046 1191 1100 τῷ
1220 1043 1389 1099 α’δελφῷ
1414 1043 1548 1084 αὖτου
1599 1061 1630 1085 ω
1663 1044 1763 1100 φρί-

318 1114 385 1162 ’ξον
412 1107 533 1165 ἥλιε]
589 1105 623 1150 (ὃ
651 1110 846 1158 στέναξον
872 1110 924 1163 γῆ
941 1114 958 1149 !
1012 1105 1121 1150 ἑάλω
1152 1109 1177 1163 ἦ
1208 1107 1343 1161 πόλις,
1372 1108 1483 1163 ἡμᾶς
1511 1110 1557 1150 δὲ
1583 1111 1658 1151 τοῦ
1685 1123 1760 1150 πο·

314 1180 455 1229 λεμεῖν
483 1177 698 1230 παρῆλθεν
728 1174 752 1227 ἦ
783 1171 890 1227 αῗρα.
958 1175 1046 1216 ἀλλ’
1076 1174 1181 1230 ὑπὲρ
1211 1177 1284 1230 τῆς
1312 1175 1522 1230 σωτηρίας
1549 1174 1692 1231 ἡμῶν,
1722 1177 1789 1222 et.

317 1238 509 1294 δυνατόν,
541 1241 868 1296 ‹ppont'oammm’²

426 1305 521 1349 Καὶ
549 1304 682 1355 οὕτως
710 1308 919 1360 ἐγκρατεῖς
960 1305 998 1348 οἱ
1025 1309 1212 1360 πολέμιοι
1254 1306 1389 1361 πάσης
1416 1308 1488 1362 τῆς
1514 1307 1671 1357 πόλεως
1693 1323 1761 1362 γε-

314 1370 478 1428 γονότες
505 1372 639 1430 ἡμέρᾳ
667 1374 807 1428 τρίτῃ,
836 1368 926 1427 ὥρα
955 1368 1004 1427 ἦν
1032 1375 1102 1427 τῆς
1142 1372 1301 1427 ἡμέρας
1337 1371 1373 1426 β’
1405 1374 1478 1414 καί
1503 1369 1659 1428 ἥμισυ,
1687 1375 1763 1415 τοῦ

316 1439 449 1501 ,ςῧξᾶ
480 1437 614 1489 ἔτους,
644 1441 694 1494 τῇ
722 1437 784 1479 κθ’
813 1437 946 1493 μηνὸς
974 1440 1137 1482 Μαΐου.
1167 1439 1241 1479 καί
1265 1441 1345 1480 τῶν
1373 1441 1451 1491 μὲν
1478 1436 1759 1494 προσπιπτόν-

310 1522 393 1548 των
420 1501 470 1560 ἧν
512 1504 677 1560 ἁρπαγὴ
707 1505 780 1545 καί
818 1506 1099 1557 αἰχμαλωσιά,
1139 1507 1222 1546 τῶν
1251 1506 1297 1545 δὲ
1327 1507 1792 1558 καταλαμβανομένωνα

311 1573 386 1613 καί
410 1571 723 1623 ἀνθισταμένων
751 1571 922 1626 σφαγή·
979 1571 1052 1611 καί
1079 1567 1277 1623 οὖδαμῶς
1307 1569 1332 1623 ἦ
1362 1573 1412 1624 γῆ
1441 1568 1485 1611 ἔν
1503 1586 1587 1611 τισι
1615 1568 1757 1620 τόποις

311 1638 358 1678 έκ
390 1637 472 1678 τῶν
514 1638 668 1689 νεκρῶν
708 1634 959 1691 διεφαίνετο.
1016 1638 1090 1677 καί
1134 1631 1184 1690 ἧν
1225 1638 1329 1678 ἰδεῖν
1363 1639 1506 1688 θέαμα
1547 1638 1663 1687 ’ξένον
1684 1637 1758 1678 καί

311 1703 496 1758 θρήνους
535 1699 710 1750 πολλοὺς
734 1703 823 1758 ικαί
850 1702 1061 1751 ποικίλους
1102 1703 1175 1743 καί
1207 1700 1463 1758 α’μετρήτους
1501 1701 1755 1757 α’νὸραποδι-

405 1818 707 1900 4.’λσυιέφβάσεων
730 1819 755 1852 Ρ
900 1831 931 1864 7.
954 1817 1091 1854 Ἰταλοὶ
1114 1830 1170 1852 om
1196 1819 1220 1853 P
1390 1819 1441 1864 ¹4·
1470 1818 1528 1864 γῆ.
1562 1821 1601 1852 τί
1622 1818 1752 1862 rotho,-

404 1880 447 1902 ἔα
473 1880 500 1900 ω

310 1971 456 2004 luerunt
478 1973 597 2002 tamen
621 1968 690 2012 ipsi
715 1967 843 2012 subigi,
862 1967 924 2000 sed
947 1972 1095 2000 mortem
1119 1967 1192 2000 vita
1210 1977 1286 1999 esse
1309 1966 1614 2011 praestabiliorem
1640 1966 1750 2000 duce-

309 2017 410 2050 bant.
451 2015 496 2048 de
531 2026 681 2060 quorum
717 2015 847 2047 virtute
880 2026 991 2059 quum
1016 2016 1130 2048 Turca
1164 2014 1297 2058 aliquis
1323 2025 1462 2046 amerae
1489 2014 1749 2054 renuntiasset,

311 2064 423 2097 edixit
447 2063 487 2102 is,
515 2068 556 2095 ut
582 2073 625 2094 ex
649 2066 753 2106 pacto
780 2061 1040 2094 descenderent
1069 2066 1104 2094 et
1127 2072 1205 2093 cum
1231 2061 1313 2093 navi
1339 2066 1375 2093 et
1402 2061 1497 2093 omni
1522 2060 1749 2106 supellectile

309 2123 373 2144 sua
398 2109 501 2142 liberi
532 2114 662 2142 essent.
705 2113 743 2141 at
775 2109 824 2141 sic
856 2119 1001 2152 quoque
1027 2119 1130 2151 aegre
1156 2109 1198 2141 iis
1226 2112 1489 2152 persuaserunt,
1513 2113 1554 2141 ut
1583 2107 1749 2141 discede-

309 2163 398 2191 rent.
426 2156 496 2190 duo
524 2155 648 2189 fratres
671 2155 766 2195 Itali,
787 2155 915 2188 Paulus
935 2161 971 2187 et
990 2155 1131 2187 Troilus
1152 2153 1367 2193 nominibus,
1392 2154 1429 2186 in
1453 2154 1533 2187 loco
1559 2153 1626 2187 sihi
1650 2165 1750 2188 com-

307 2215 414 2238 misso
436 2214 515 2236 cum
535 2202 616 2235 aliis
636 2202 755 2235 multis
782 2213 952 2246 generose
978 2201 1212 2242 decertantes,
1242 2200 1362 2234 hostes
1383 2201 1510 2233 acriter
1525 2201 1750 2245 repellebant

309 2258 346 2285 et
368 2250 464 2283 haud
484 2250 553 2283 levi
578 2249 796 2282 dimicabant
817 2249 966 2293 proeli0‚
990 2254 1026 2281 et
1050 2254 1292 2293 utrorumque,
1317 2253 1391 2281 tum
1415 2248 1648 2292 pugnantium
1673 2254 1747 2282 tum

310 2297 599 2338 defensantium,
634 2295 760 2329 caedes
787 2295 995 2328 edebantur.
1033 2296 1223 2340 respiciens
1255 2300 1372 2327 autem
1401 2293 1746 2340 Paulushostesque

308 2346 400 2378 intra
425 2344 548 2377 urbem
573 2344 808 2388 conspicatus,
834 2341 878 2374 ad
903 2342 1046 2375 fratrem
1077 2352 1266 2375 conversus
1299 2340 1345 2373 “o
1375 2341 1440 2381 sol,
1464 2341 1660 2381 horresce,’'
1688 2342 1747 2375 in-

309 2393 408 2438 quit,
431 2390 476 2424 “o
501 2391 608 2424 tellus
624 2415 633 2430 ,
676 2387 882 2434 ingemisce!
907 2394 1009 2433 capta
1034 2389 1115 2422 urbs
1142 2394 1216 2429 est,
1241 2393 1277 2421 et
1303 2387 1486 2432 pugnandi
1510 2394 1650 2433 tempus
1673 2388 1745 2422 iam

307 2439 504 2484 praeteriit.
530 2443 685 2470 attamen
710 2436 754 2469 de
779 2436 892 2469 salute
916 2442 1049 2475 nostra,
1074 2436 1102 2468 si
1131 2447 1202 2481 qua
1231 2445 1310 2480 spes
1336 2440 1400 2475 est,
1428 2434 1658 2479 cogitemus.''

402 2487 455 2518 Ita
470 2485 589 2518 hostes
610 2490 685 2517 tota
698 2482 786 2516 urbe
802 2483 910 2527 potiti
925 2489 1008 2516 sunt
1023 2482 1080 2515 die
1098 2483 1214 2521 tertio,
1231 2481 1318 2514 hora
1342 2481 1500 2515 secunda
1515 2487 1552 2515 et
1575 2481 1744 2522 dimidia,

308 2541 402 2565 anno
414 2532 500 2574 6961
510 2557 518 2572 ‚
532 2531 664 2564 mensis
678 2531 765 2564 Maii
779 2529 838 2563 die
852 2540 906 2572 29.
922 2530 983 2575 qui
999 2530 1185 2570 irruerant,
1198 2528 1387 2574 rapiebant
1401 2534 1438 2562 et
1456 2529 1612 2574 captivos
1634 2528 1746 2562 sacio-

308 2577 406 2618 bant,
419 2579 479 2624 qui
495 2578 725 2623 capiebantur
737 2583 774 2611 et
786 2576 1007 2617 resistebant,
1021 2576 1276 2615 mactabantur,
1291 2580 1400 2622 atque
1412 2575 1596 2609 nonnullis
1607 2576 1644 2609 in
1656 2575 1745 2609 locis
1805 2574 1806 2614 Ξ

308 2635 392 2670 prae
407 2624 615 2659 cadaverum
632 2623 864 2659 multitudine
879 2634 950 2658 non
965 2623 1160 2668 apparebat
1179 2629 1281 2656 terra.
1302 2622 1449 2656 vidisses
1462 2630 1591 2656 novum
1608 2620 1746 2668 specta-

310 2671 438 2709 culum,
466 2672 619 2705 lamenta
643 2673 752 2706 multa
769 2677 806 2705 et
821 2671 927 2710 varia,
953 2670 1090 2714 rapinas
1111 2671 1323 2708 innumeras,
1342 2668 1472 2714 quibus
1485 2669 1651 2702 mulieres
1674 2669 1747 2715 pri-

310 2719 439 2752 mariae
454 2743 463 2758 ,
499 2719 653 2763 virgines
692 2725 728 2752 et
751 2718 818 2752 deo
857 2723 1103 2757 conse-cratae,
1147 2716 1285 2762 capillis
1326 2723 1362 2750 et
1399 2715 1552 2750 crinibus
1576 2727 1595 2765 a
1621 2710 1746 2750 ancis
