1806 3190
540 156 638 196 Lm.
667 158 738 196 iv.
776 154 894 197 CAP.
922 155 1046 195 xxu.
1389 137 1510 211 429

71 255 204 297 αΰτοῦ
231 256 420 296 ἐκέλευσε
442 255 618 309 δοθῆναι
647 253 760 311 αύτῷ
785 255 910 295 ἵππον
931 251 1020 295 τινὰ
1053 252 1096 294 ἐκ
1126 253 1209 295 ταῖν
1238 251 1505 296 αὖθεντικῶν.

72 322 150 369 καίν
171 318 333 373 ἀναβάς
369 316 472 373 ἦλθε
513 318 593 362 ‹nh›
622 321 738 377 αύτῷ
781 321 825 360 ἐν
850 321 901 375 τῇ
923 316 1320 373 Ἀνὸριανουπόλει,
1348 318 1421 360 καί
1447 322 1507 368 εἰς

68 386 307 441 σιτηρέσιον
335 387 513 427 δέδωκεν
543 387 656 443 αὐτῷ
686 381 828 440 ἇσπρα
856 382 1054 438 χιλιάδας
1082 382 1332 439 πεντήκοντα
1360 385 1404 426 ἐκ
1428 386 1508 427 ’τοῦ

70 454 288 506 κομερκιόυ
317 454 390 492 τοῦ
419 447 614 506 ἀλεύρου.
670 453 741 492 καί
768 452 886 492 τοῦτο
911 451 1200 505 ἀληθέστερον.

32 522 58 563 5
183 519 270 559 Τοῦ
298 518 334 558 δ’
372 513 502 558 αὐτοῦ
525 515 682 570 χρόνου
710 518 767 572 τῷ
794 517 913 569 θέρει
941 516 1116 569 ἐγεγόνει
1145 515 1325 570 τοσαύτη
1355 514 1507 569 λοιμώ-

69 585 144 636 δης
173 580 291 631 νόσος
330 580 374 624 ἔν
400 597 442 622 τε
479 584 530 639 τῇ
561 580 1000 623 Κωνσταντινουπόλει
1041 576 1408 636 Ἀνδριανουπόλει
1437 584 1508 624 καὶ

66 647 380 690 ,Καλλιουπόλει
401 646 474 688 καί
495 652 586 697 ταῖς
611 649 729 700 πέριξ
750 647 886 688 αὐτῶν
907 645 1051 688 πόλεσι
1071 646 1143 688 καί
1166 646 1337 700 κώμαις,
1363 641 1513 689 ἅστεσί

67 730 108 756 τε
136 714 209 755 καί
232 712 415 767 χώραις,
455 715 523 753 οἵα
553 712 603 753 οὔ
646 714 808 767 γέγονεν
848 713 893 753 ἐν
921 717 1005 760 τοῖς
1051 716 1310 767 παρελθοῦσι
1337 713 1508 767 χρόνοις

69 780 114 821 ἐκ
142 780 294 820 πολλοῦ
323 779 488 832 καιροῦ,
520 775 628 820 ὥστε
650 775 912 832 τεθνήκασιν,
942 774 999 826 ὥς
1030 795 1150 834 φασι,
1177 777 1384 834 μυριάδες
1411 783 1508 821 πολ-

31 843 142 891 ολαί
170 843 428 899 ἀνθρώπων,
461 845 514 884 ου’
542 841 744 897 χιλιάδες.
812 845 858 886 ἐν
885 839 946 892 οἷς
978 846 1025 886 δὲ
1054 844 1174 899 καίἧ
1204 846 1278 886 τοῦ
1308 842 1507 887 δεσπότου

67 909 252 965 θυγάτηρ
283 909 309 964 ἡ
341 908 559 964 α’μὴρισσα
591 906 788 951 ἀπέθανε.

210 978 295 1017 Τοῦ
325 976 371 1016 δὲ
400 973 528 1030 ,ςῧοξ
563 972 679 1024 ἔτους
710 977 932 1032 Νοεμβρίῳ
955 975 1058 1030 μηνὶ
1087 976 1278 1030 ‹luffa-9022
1306 974 1418 1030 κιῖγώ
1450 981 1510 1027 εἰς

64 1040 140 1096 την
168 1040 288 1095 οἷγίαν
323 1040 514 1095 Μαύραν
546 1042 820 1095 παρακινήσει
858 1042 928 1095 τῆς
955 1042 1201 1095 βασιλίσσης
1229 1041 1375 1096 κυρίας
1395 1042 1507 1085 Ἑλέ-

67 1124 140 1162 νης
168 1106 240 1148 καί
265 1109 472 1161 πενθεροῦ
497 1109 574 1147 τοῦ
601 1107 804 1147 αῦθέντου
833 1108 909 1147 τοῦ
942 1105 1066 1148 τόπου
1101 1106 1257 1148 ἐκείνου
1284 1106 1363 1162 κὺρ
1394 1114 1507 1152 Aeo-
1526 1130 1549 1162 B

34 1172 249 1228 5να’ρὸ“ου,
281 1174 348 1214 ἵνα
378 1172 449 1214 καί
492 1170 565 1214 τὸν
591 1170 714 1214 τόπον
738 1174 871 1214 ἐκεῖσε
908 1171 1217 1227 α’ναθεωρὴσω,
1248 1176 1321 1215 καί
1351 1174 1408 1223 ὥς
1438 1177 1513 1230 δῆ-

67 1241 143 1280 θεν
170 1239 351 1291 α’νεψιοῦ
378 1239 451 1279 τοῦ
477 1241 711 1291 μακαρίτου
740 1239 815 1279 τοῦ
841 1238 1047 1279 αῦθέντου
1076 1253 1158 1290 μου
1198 1239 1274 1280 τοῦ
1306 1241 1514 1292 βασιλέως

67 1303 147 1357 κῦρ
172 1306 496 1345 Κωνσταντίνου
525 1305 596 1343 καί
623 1302 729 1357 ὑπὲρ
753 1306 830 1343 τοῦ
860 1302 1021 1358 πατρὸς
1045 1304 1175 1345 αὐτοῦ
1204 1302 1410 1354 παθόντος
1428 1322 1513 1359 μου

69 1370 220 1423 ζημίαν
255 1371 475 1423 μεγίστην,
517 1366 574 1417 (ὃς
613 1368 906 1423 ἑπροεδήλωσα
942 1370 987 1411 ἐν
1014 1370 1071 1426 τῷ
1099 1368 1160 1424 λη’
1189 1367 1283 1423 ἔτει,
1314 1371 1382 1412 ἵνα
1411 1373 1515 1414 α’πο-

67 1434 211 1475 λαόσω
251 1434 362 1482 τινὸς
407 1435 645 1486 εὐεργεσίας
687 1435 848 1488 ἐτησιόυ
878 1434 936 1483 ὥς
972 1436 1105 1490 γέρων
1133 1437 1207 1477 καί
1233 1437 1414 1491 α’σθενὴς
1443 1439 1517 1481 καί

32 1498 233 1552 οπτωχὸς
265 1497 346 1540 α’πὸ
379 1500 451 1552 τῆς
480 1501 786 1553 αἰχμαλωσίας.
844 1500 1169 1554 ἑπαναστρέψας
1198 1503 1244 1544 δὲ
1272 1506 1323 1559 τῇ
1350 1502 1411 1556 κβ’
1439 1505 1513 1546 τοῦ

67 1565 227 1618 αὐτοῦ,
272 1565 415 1618 ἐντελῆ
442 1564 577 1606 πάντα
606 1564 707 1607 ἰδών
736 1567 809 1606 καί
836 1564 1098 1620 α’πολαύσας,
1129 1564 1228 1609 ἄνευ
1257 1569 1333 1609 τοῦ
1360 1570 1513 1624 ὑπερέ-

63 1647 158 1685 χειν
186 1631 229 1671 ἐν
254 1633 311 1687 τῷ
332 1632 629 1688 μαστραϊὸιατῑὶ
660 1632 766 1684 γένει
793 1629 866 1686 τὴν
893 1632 1034 1673 πᾶσαν
1063 1632 1200 1687 α’ρχὴν
1227 1634 1389 1675 αὐτοῦ·
1450 1638 1519 1676 δεῖ

65 1695 145 1753 γὰρ
178 1702 265 1744 τοῖς
294 1695 543 1750 α’ρχομένοις
571 1699 867 1750 ἐξομοιοῦσθαι
896 1702 983 1747 τοῖς
1001 1693 1195 1754 ἄρχουσι.
1254 1699 1326 1742 καί
1351 1703 1407 1758 τῷ
1432 1702 1512 1744 Ἰα-

160 1829 194 1860 9.
221 1819 352 1852 πολλαὶ
377 1829 433 1851 om
463 1819 487 1872 13
608 1831 647 1852 io
686 1812 714 1865 ᾧ
739 1819 763 1853 Ρ
887 1820 938 1852 13.
963 1821 1064 1862 ξένης
1087 1821 1111 1853 Ρ
1233 1824 1284 1858 18.
1308 1829 1386 1861 τοῖς
1409 1826 1511 1868 τρια·-

160 1877 274 1944 κοντὲ
299 1868 359 1899 καὶ
390 1865 480 1900 ὀκτω
507 1867 627 1901 ἔτεσιν
651 1866 676 1898 Ρ
772 1867 1051 1915 22.μαστραῖκῷ
1068 1868 1093 1900 Ρ
1186 1868 1241 1903 23.
1264 1865 1349 1909 τοὺς
1373 1869 1512 1916 ἄρχον-

159 1924 226 1951 τας

69 2018 288 2048 senectutem
314 2013 612 2055 commisti-atum,
641 2014 685 2048 ‹le
713 2016 813 2061 equis
838 2016 941 2060 regiis
967 2026 1076 2049 unum
1103 2017 1136 2049 ei
1158 2017 1321 2062 praeberi
1351 2018 1509 2052 iussisse:

68 2072 141 2107 quo
167 2071 372 2099 conscenso,
399 2060 582 2106 despotarn
608 2074 685 2094 cum
714 2074 829 2095 amera
843 2063 1113 2108 Adrianopolim
1145 2063 1297 2105 abiisse,
1326 2065 1448 2110 ibique
1473 2067 1512 2100 in

66 2110 200 2141 victum
234 2105 401 2139 habuisse
439 2119 457 2139 e
494 2109 726 2153 vectigalibus
761 2110 1000 2143 frumentariis
1036 2121 1217 2156 asprorum
1254 2113 1511 2156 quinquaginta

66 2155 178 2189 milia.
212 2159 323 2199 atque
349 2154 438 2186 haec
463 2156 608 2199 quidem
627 2157 781 2189 narratio
806 2157 922 2189 verior
947 2163 1010 2190 est.

160 2202 303 2235 Aestate
330 2200 490 2234 eiusdem
511 2204 594 2235 anni
622 2204 772 2247 Cpolim,
797 2203 1079 2249 Adrianopolim,
1106 2203 1332 2248 Calliopolim
1362 2209 1398 2237 et
1427 2204 1510 2238 fini-

67 2249 171 2282 timas
201 2250 308 2283 urbes
347 2253 384 2281 et
408 2248 524 2289 vicos,
564 2250 694 2294 oppida
721 2257 757 2283 et
781 2251 941 2294 regiones
982 2250 1188 2296 pestilentia
1215 2251 1366 2290 invasit,
1392 2251 1510 2296 qualis

67 2295 174 2340 longo
208 2296 381 2338 temporis
406 2296 520 2339 spatIO
549 2308 622 2329 non
647 2298 776 2337 fuerat,
806 2298 855 2330 ita
883 2303 922 2331 ut
947 2298 1077 2330 multas
1102 2296 1284 2330 hominum
1312 2298 1509 2341 myriades,

66 2342 199 2375 nedum
220 2340 406 2381 chiliades,
434 2353 452 2374 e
475 2342 594 2376 medio
620 2343 751 2377 abiisse
774 2343 911 2378 dicant:
934 2346 972 2377 in
996 2355 1145 2390 quorum
1161 2355 1308 2377 numero
1334 2346 1510 2386 amen-issa,

67 2388 240 2435 despotae
266 2388 350 2427 tilia,
379 2394 464 2422 erat.

163 2437 258 2470 Anni
284 2437 378 2480 6976
403 2447 522 2468 mense
551 2437 741 2470 Novembri
779 2442 934 2471 sanctam
967 2437 1124 2469 Mauram
1160 2438 1339 2478 concessi,
1377 2437 1515 2472 Helena

68 2484 190 2527 regina
216 2487 254 2514 et
282 2482 479 2523 Leonardi,
505 2484 673 2528 principis
700 2485 774 2517 eiu's
794 2485 875 2526 loci,
900 2495 1021 2517 socero
1047 2483 1266 2525 auctoribus,
1296 2491 1335 2518 ut
1360 2497 1432 2518 non
1456 2496 1514 2519 so-

68 2529 143 2563 lum
173 2529 293 2562 locum
331 2540 408 2561 eum
437 2531 646 2568 reviserem,
671 2531 731 2564 sed
759 2532 877 2571 etiam,
917 2543 1025 2576 quum
1053 2530 1115 2563 ille
1141 2530 1237 2564 beati
1263 2533 1331 2564 mei
1358 2532 1515 2574 domini,

70 2576 298 2610 Constantini
333 2577 576 2620 imperatoris,
616 2578 850 2611 consobrinus
881 2584 974 2611 esset
1009 2584 1045 2611 et
1072 2578 1308 2621 gravissimam
1335 2579 1515 2620 tulissem,

71 2629 112 2657 ut
145 2635 250 2669 supra
286 2623 447 2662 narravi,
488 2625 728 2658 calamitatem
755 2630 900 2670 propter
945 2625 1020 2657 eius
1063 2630 1221 2668 patrem,
1258 2635 1351 2658 anno
1388 2626 1516 2660 aetatis

72 2670 134 2710 38,
161 2671 312 2715 pecunia
336 2670 458 2714 aliqua
479 2681 595 2704 annua
623 2671 709 2704 mihi
743 2673 1021 2705 constitueretur
1053 2676 1179 2716 utpote
1209 2671 1286 2705 seni
1312 2678 1347 2705 et
1373 2673 1516 2707 infirmo

74 2722 111 2751 et
134 2728 245 2762 egeno
274 2728 292 2750 e
319 2717 540 2762 captivitate.
590 2729 747 2752 reversus
777 2730 853 2752 sum
887 2717 946 2751 die
975 2729 1018 2751 22
1045 2719 1175 2752 mensis
1199 2718 1370 2762 eiusdem,
1394 2722 1514 2754 omnia
