1806 3190
524 158 625 198 Lm.
652 159 722 211 iv.
761 156 880 198 CAP.
918 158 1027 197 xix.
1384 135 1496 210 407

52 254 125 298 τὸν
151 251 352 308 δεσπότην
383 254 461 308 κύρ
492 255 664 308 Θωμᾶν.
734 254 791 303 ὦς
821 257 866 297 δὲ
895 255 996 310 ἰάθη
1026 251 1107 295 dno
1139 254 1217 295 τοῦ
1245 251 1498 305 τραύματος,

53 319 386 375 περιωρισμένου
417 323 462 361 δὲ
493 314 611 369 ὄντος
637 323 712 362 καί
740 322 1054 376 φυλαττομένου
1086 317 1195 369 ὅπως
1224 317 1375 373 δήποτε
1405 318 1503 371 περὶ

53 385 102 429 ‘cti
131 383 390 440 Δυρράχιον,
422 385 638 440 ἀπατήσας
667 385 766 436 τούς
797 385 1087 442 φυλάσσοντας
1105 383 1250 441 ἔφυγε,
1279 385 1349 424 καί
1376 381 1500 423 πάλιν

53 454 332 507 προσέρχεται
365 453 422 507 τῷ
451 449 627 508 δεσπότῃ
658 451 737 506 κὺρ
770 451 1011 509 Δημητρίῳ,
1039 450 1113 515 καί
1138 453 1180 493 ἐν
1208 451 1266 508 τῷ
1296 446 1498 504 Ναυπλίῳ

48 516 126 561 «τὸν
151 517 319 558 πλειόνα
351 515 498 572 καιρὸν
530 518 708 570 διέτριβε
739 517 807 558 διὰ
838 515 884 558 τὸ
914 517 987 571 την
1014 522 1192 571 γυναῖκα
1221 517 1294 557 καί
1317 513 1368 556 τοὶ
1401 530 1498 555 παι-

55 585 125 625 δία
153 583 286 631 αὐτοῦ
315 579 522 635 ὑπάρχειν
550 583 594 623 ἐν
623 588 707 631 τοῖς
732 583 812 623 τῶν
831 580 1012 624 Ἑνετῶν.

52 697 54 700 Ι
165 649 227 690 19.
290 648 374 688 Τοῦ
402 643 477 689 οὖν
518 647 664 702 ἀμηρᾶ
695 647 1000 699 δουλώσαντος,
1031 645 1087 696 ὦς
1116 643 1419 701 δεδηλώκαμεν,
1447 643 1494 686 τὸ

52 711 307 767 Λεοντάριον
336 714 409 754 καί
431 712 482 754 τὰ
512 715 612 767 περὶ
637 711 754 765 αὐτό,
780 711 839 755 ἔτι
869 714 914 754 δὲ
941 712 1014 754 καί
1038 713 1105 754 τὸν
1126 709 1242 766 ἅγιον
1271 711 1497 765 Γεώργιον·

50 782 186 823 ταῦτα
213 778 292 834 γὰρ
324 778 425 821 ἰδών
453 777 793 833 ὃΚροκόντηλος,
824 774 851 833 ἢ
878 781 1038 831 μᾶλλον
1066 778 1196 819 εἰπεῖν
1222 775 1498 831 Κροκόδειλος

51 843 300 898 οἰκειότερον
319 876 332 899 ,
362 844 671 898 προσεκύνησεν
709 846 782 885 καί
808 842 931 893 αὐτὸς
961 842 1033 886 τὸν
1062 843 1244 898 α’μηροῖν,
1272 840 1320 883 τὸ
1350 843 1396 883 δὲ
1423 840 1497 883 κά-

0 939 2 954 :
49 925 173 965 στρον
203 912 278 952 τοῦ
321 909 441 963 ἄγιόυ
470 911 684 963 Γεωργιόυ
725 910 795 952 καί
821 908 920 958 τούς
951 909 1024 950 δύο
1055 907 1175 959 υἱούς
1203 907 1337 950 αὑτοῦ
1367 909 1497 949 δέδω-

49 991 119 1020 κεν
149 976 284 1033 αὐτῷ·
342 976 473 1023 αὔτὸς
501 977 546 1016 δὲ
577 973 700 1029 ἔλαβε
731 973 860 1029 χάριν
887 973 1045 1018 τούτων
1074 974 1118 1017 τὸ
1152 975 1257 1016 ἑλωῒ
1281 970 1308 1028 ἢ
1334 975 1495 1028 μᾶλλον

49 1042 178 1085 εἰπεῖν
204 1040 248 1084 τὸ
277 1043 349 1097 η’λί
375 1041 448 1083 καί
472 1041 525 1083 τοὶ
555 1038 658 1096 ἑξῆς,
685 1044 795 1083 τοῦτ’
817 1040 905 1084 ἔστι
933 1044 1006 1084 θεέ
1024 1057 1106 1095 μου
1131 1043 1205 1082 θεέ
1231 1055 1328 1094 μου,
1355 1040 1422 1081 ἵνα
1454 1042 1502 1081 τί

47 1123 101 1162 με
131 1109 401 1162 ἐγκατέλιπες,
433 1107 489 1155 ὦς
515 1109 644 1149 εἰπεῖν
670 1109 827 1160 μᾶλλον
851 1109 922 1149 ἵνα
953 1107 1000 1149 τί
1018 1106 1077 1162 μὴ
1108 1108 1181 1148 καί
1210 1105 1341 1149 αὐτὸν
1370 1107 1492 1159 ἐγκα-

49 1176 226 1223 τέλιπες,
256 1176 339 1215 τῶν
369 1177 702 1228 προελεχθέντων
730 1175 867 1215 κακῶν
895 1171 1196 1227 πρωτεργοέτην.
1237 1173 1392 1213 τούτων
1421 1167 1495 1211 οὖν

48 1240 181 1283 ἐκεῖσε
209 1240 436 1292 γινομένων
465 1236 484 1279 ὃ
517 1236 716 1292 δεσπότης
745 1238 822 1294 κὺρ
856 1240 1012 1291 Θωμᾶς
1042 1239 1165 1294 ἀφείς
1191 1238 1264 1293 τὴν
1283 1235 1494 1290 Καλαμά-

43 1321 125 1347 ,ταν
154 1304 226 1346 καί
254 1303 440 1358 περάσας
469 1306 529 1353 εἷς
568 1305 616 1346 τά
647 1304 744 1358 περὶ
773 1303 848 1358 τήν
880 1304 1137 1357 Κόσμαιναν
1170 1305 1243 1344 καί
1270 1302 1318 1345 τό
1350 1306 1494 1344 stera-

46 1369 153 1422 λίδι,
186 1369 391 1411 εἰσελθών
429 1371 489 1418 εἰς
523 1368 595 1411 τὸν
617 1370 840 1424 Ἀβαρῖνον
875 1370 1069 1411 κάκεῖθεν
1097 1371 1156 1418 εἰς
1184 1367 1228 1410 τὸ
1262 1366 1493 1422 ΠΙαραθιν,

46 1437 363 1490 προγενέστερον
403 1437 476 1490 τῆς
522 1437 771 1490 βασιλίσσης
809 1433 1118 1489 καταλειψάσης
1161 1434 1237 1488 τήν
1263 1431 1494 1488 Ἀρκαδίαν

45 1501 211 1543 ndu-ecoe
241 1501 506 1555 ἀπελθούσης
523 1500 629 1552 μετοὶ
660 1504 739 1542 τῶν
759 1503 921 1543 παίδων
954 1497 1082 1555 αἰτῆς
1111 1500 1183 1542 καί
1203 1502 1284 1543 τῶν
1300 1500 1491 1555 εὑρισκο-

44 1568 180 1620 μένων
199 1569 242 1608 ἐν
261 1567 312 1620 τῇ
332 1567 529 1623 Ἀρκαδίᾳ
546 1567 772 1621 ἀρχόντων.
802 1567 822 1608 ὃ
840 1569 886 1608 δὲ
910 1564 1077 1621 ἆμηρᾶς
1104 1567 1340 1621 παρέλαβεν
1368 1563 1491 1619 αὐτοί,

45 1631 153 1676 α’λλά
184 1631 234 1688 δη
279 1633 352 1674 καί
386 1632 460 1687 τὴν
494 1634 785 1686 Καρίταιναν,
816 1631 928 1687 παρα
958 1634 1034 1674 τοῦ
1063 1632 1364 1687 Σγουρομάλλη
1391 1635 1487 1673 Πα-
1501 1645 1543 1679 92

44 1699 264 1753 λαιολόγου
282 1698 356 1740 καί
370 1699 707 1754 γυναικαδελφοῦ
727 1699 805 1740 τοῦ
830 1699 1013 1753 μεγάλου
1033 1696 1250 1753 Λουκάνη,
1281 1695 1326 1747 ὃς
1355 1713 1488 1753 προα-

135 1823 169 1857 8.
196 1822 249 1856 ἔτι
270 1842 315 1848 —-
342 1822 527 1867 Γεώργιον
552 1833 608 1854 om
634 1823 659 1855 P
745 1835 779 1866 9.
805 1821 1061 1867 κροκόνδειλος
1085 1821 1110 1854 Ρ
1185 1831 1235 1852 12.
1265 1818 1339 1862 ἧλεὶ
1366 1819 1440 1862 filei
1463 1820 1489 1853 P

141 1871 193 1913 14.
216 1869 275 1916 με]
296 1879 343 1915 με
371 1874 431 1903 καὶ
458 1864 573 1903 αὐτὸν
600 1869 623 1902 Ρ
736 1880 803 1915 μοι
827 1870 852 1901 P
977 1870 1025 1901 18.
1050 1866 1223 1915 μαράνθι
1248 1867 1272 1900 Ρ

42 1971 134 2005 culis
158 1971 366 2004 constrictus
392 1971 438 2004 ad
463 1969 646 2003 dominum
674 1969 853 2015 quondam
887 1982 990 2004 suum
1015 1970 1189 2004 Thomam
1216 1967 1399 2013 despotam
1425 1967 1490 2000 ad-

43 2017 170 2052 ductus
200 2023 264 2051 est.
293 2018 366 2058 sed,
391 2023 514 2050 sanato
539 2018 708 2058 vulnere,
738 2029 846 2062 quum
871 2017 1113 2051 custodiretur
1140 2016 1184 2049 ad
1216 2014 1488 2057 Dyrrhachium,

43 2064 203 2109 deceptis
228 2064 450 2105 custodibus,
477 2065 600 2109 effugit
624 2065 824 2109 iterumque
850 2064 1014 2097 adiunxit
1039 2075 1075 2096 se
1094 2063 1276 2096 Demetrio
1304 2061 1490 2105 despotae,

43 2122 84 2145 ac
107 2112 254 2157 Naupiii
278 2111 496 2157 aliquamdiu
524 2117 759 2144 commoratus
798 2116 877 2153 est,
906 2111 1077 2158 quoniam
1111 2110 1161 2143 ibi
1206 2111 1244 2142 in
1267 2109 1488 2142 Venetorum

43 2157 180 2192 ditione
208 2171 296 2192 uxor
321 2165 357 2192 et
382 2159 486 2191 liberi
515 2160 591 2191 eius
622 2158 801 2191 vivebant.

166 2216 214 2248 ¹9·
265 2206 453 2250 Occupatis
480 2206 600 2249 igitur,
630 2211 670 2238 ut
694 2204 904 2244 docuimus,
937 2203 1129 2236 Leontario
1161 2203 1322 2247 locisque
1347 2202 1488 2242 vicinis,

40 2257 79 2286 et
105 2252 139 2285 S.
166 2252 320 2297 Georgio
349 2253 512 2297 insuper,
537 2251 820 2285 animadvertens
856 2251 894 2283 id
920 2250 1153 2283 Crocontelus
1182 2251 1277 2289 sive,
1304 2254 1343 2282 ut
1369 2249 1487 2294 aptius

32 2298 169 2339 dicam,
189 2298 409 2340 Crocodilus,
434 2300 510 2344 ipse
537 2310 682 2345 quoque
699 2298 744 2331 ad
767 2310 846 2332 cum
869 2297 1001 2330 defecit
1026 2298 1131 2342 eique
1155 2308 1232 2328 cum
1256 2301 1368 2328 castro
1396 2295 1487 2328 duos

30 2346 134 2379 ‚filios
160 2345 319 2387 tradidit,
343 2345 542 2391 habuitque
568 2347 643 2379 eius
672 2346 719 2378 rei
745 2345 943 2391 praemium
971 2344 1043 2376 eloi
1071 2344 1144 2376 sive
1172 2343 1220 2375 eii
1248 2348 1284 2375 et
1311 2353 1403 2387 quae
1431 2353 1488 2374 sc-

31 2398 220 2438 quuntur,
248 2392 282 2426 h.
311 2404 342 2426 e.
368 2392 415 2425 mi
443 2393 551 2433 deus,
578 2394 627 2426 mi
653 2392 762 2433 deus,
795 2403 905 2438 quare
941 2390 1129 2424 deseruisti
1154 2401 1222 2429 me,
1250 2390 1336 2429 sive,
1365 2394 1406 2421 ut
1431 2387 1487 2420 di-

40 2450 115 2472 cam
138 2439 278 2479 meiius,
303 2450 411 2484 quare
430 2451 504 2473 non
528 2445 565 2473 et
594 2441 708 2484 ipsum
729 2439 913 2472 deseruisti
931 2442 1283 2471 commemoratorum
1310 2436 1486 2468 malorum

38 2486 189 2530 primum
214 2492 405 2519 auctorem.
454 2486 543 2520 haec
569 2486 651 2519 dum
679 2486 755 2520 illic
780 2486 881 2526 fiunt,
896 2485 1052 2519 Thomas
1081 2483 1241 2527 despota,
1267 2483 1390 2516 relicta
1418 2482 1487 2514 Ca-

39 2532 179 2573 lamata,
206 2533 433 2567 Cosmaenam
459 2539 495 2567 et
517 2534 732 2567 Petalidium
756 2534 935 2571 traiectus,
970 2530 1163 2563 Abarinum
1194 2536 1230 2562 et
1253 2529 1338 2562 inde
1365 2529 1486 2563 Mara-

41 2578 154 2613 thinm
178 2581 298 2621 venit,
337 2592 445 2625 quum
473 2581 541 2613 iam
578 2586 661 2613 ante
687 2581 805 2624 regina
846 2592 888 2612 ex
912 2577 1060 2612 Arcadia
1089 2577 1234 2610 exiisset
1264 2582 1372 2621 atque
1397 2577 1486 2610 illuc

39 2637 119 2659 cum
143 2626 265 2660 liberis
291 2632 327 2660 et
362 2626 574 2672 primoribus
602 2626 770 2660 Arcadiae
812 2626 1026 2659 advenisset.
1086 2624 1208 2668 itaque
1234 2625 1419 2668 occupavit
1443 2635 1485 2657 ea

38 2683 184 2714 arueras,
210 2675 416 2719 recepitque
441 2674 534 2707 idem
561 2675 782 2707 Caritaenam
817 2685 836 2706 a
862 2671 1084 2716 Sguromalle
1116 2671 1325 2715 Pxilaeologo
1353 2677 1388 2703 et
1410 2671 1486 2705 sra-

37 2724 92 2753 tre
117 2720 235 2754 uxoris
269 2721 386 2765 magni
420 2721 596 2761 Lucanis,
632 2722 717 2766 qui,
741 2726 781 2753 ut
814 2720 900 2753 olim
927 2719 1049 2758 Arius,
1087 2717 1123 2750 in
1150 2717 1238 2750 sella
1262 2716 1483 2759 familiarica,
