1806 3190
564 161 1529 229 Lffl.1v.CAP.xxn.445

92 296 167 350 τῆς
197 292 330 334 αὐτοῦ
355 285 527 343 χάριτος
566 282 853 340 ἐβλασφήμει,
882 282 986 326 α’λλά
1025 280 1126 324 θεὸν
1155 277 1357 335 ἀληθινὸν
1384 277 1533 333 ὅμοού-

95 376 184 402 σιον
212 356 286 399 καί
323 354 535 398 συναΐὸιον
576 351 631 407 wi
669 350 801 430 πατρὶ
841 352 913 391 καί
937 350 993 406 tofi
1021 347 1122 406 vini,
1151 349 1196 389 ἐκ
1238 348 1312 388 τοῦ
1354 349 1531 401 πατέρος

95 422 245 480 προϊὸν
269 421 554 474 έκπορευτῶς,
583 414 721 469 ὥσπερ
751 415 773 456 ὅ
802 414 894 463 υιός
929 416 971 465 ἐξ
995 414 1128 455 αυτοῦ
1155 414 1366 467 γεννητοῖς.

203 484 386 530 πιστεύω
416 484 473 538 μὴ
506 479 632 524 αλλον
660 477 765 523 εἶναι
796 480 869 522 τὸν
897 480 987 522 υἱὸν
1013 482 1089 522 τοῦ
1117 480 1219 521 θεοῦ
1247 479 1322 521 τὸν
1348 477 1530 534 προαιώ-

49 563 195 606 5νιον,
227 555 365 608 ἕτερον
393 552 438 592 δὲ
464 548 537 591 τὸν
556 550 601 590 έκ
621 549 694 602 τῆς
723 550 938 601 παρθένου
968 548 1214 601 γεννηθέντα
1234 544 1399 600 Ἰησοῦν
1418 548 1531 599 Χρι-

92 623 211 674 στὸν,
241 619 296 668 ὥς
332 634 351 659 ο
394 630 543 672 αφρων
571 610 798 665 Νεστόριος
830 613 1118 667 ἐβλασφήμει,
1148 607 1252 653 ἄλλα
1281 610 1351 653 τὸν
1377 613 1421 662 ἐξ
1449 611 1528 653 αύ-

87 688 160 742 τῆς
179 685 436 766 γεννηθέντα
465 680 542 722 δύο
566 682 644 732 μὲν
669 675 775 720 εἶναι
797 676 903 730 μετὰ
927 694 1001 733 την
1027 677 1173 719 ένωσιν
1190 677 1350 732 φύσεις,
1378 679 1452 719 ένα
1481 680 1528 720 δὲ

86 754 139 809 τῇ
167 749 394 793 ὑποστάσει
421 750 470 804 τῇ
496 747 616 802 θεϊκῇ
644 743 850 798 δηλονότι,
895 742 958 785 διὸ
983 744 1057 785 καί
1082 743 1157 798 τὴν
1176 741 1302 785 αυτὸν
1327 745 1528 786 τεκοῦσαν

86 819 240 872 κυρίως
267 832 337 857 και
365 814 533 868 α’ληθῶς
569 808 764 853 θεοτόκον
791 806 898 852 εἶναι
929 811 1001 851 καί
1038 811 1090 851 ου’
1116 806 1402 864 Χριστοτόκον
1437 813 1527 851 κατ’

26 905 74 933 10
87 885 243 926 εκεῖνον
268 882 341 924 τὸν
370 895 549 935 αφρονα.

214 944 394 990 πιστεύω
423 943 492 986 τὸν
515 942 609 985 υἱὸν
635 943 711 986 τοῦ
742 943 847 984 θεοῦ
873 939 976 995 μετὰ
1007 939 1084 995 τὴν
1110 939 1426 995 ένανθρώπησιν
1452 941 1526 983 καὶ

83 1015 232 1058 ἕνωσιν
247 1012 304 1067 μὴ
335 1014 395 1062 εἰς
419 1013 521 1064 μιάν
550 1009 678 1064 φύσιν
694 1007 771 1058 τοὶς
798 1007 875 1050 δύο
901 1008 1092 1060 συνάψαι
1123 1004 1226 1048 κατοὶ
1254 1007 1350 1055 τούς
1382 1002 1522 1062 ἄφρο-

81 1097 156 1130 νας
170 1078 401 1132 Διόσκορον
419 1075 491 1117 καί
503 1076 686 1128 Εὐτυχῆ,
714 1075 754 1116 οἵ
780 1076 829 1133 τῇ
847 1071 1012 1128 θεότητι
1041 1070 1093 1114 τοὶ
1126 1071 1240 1127 πάθη
1267 1075 1518 1127 προσῆητον,

80 1146 173 1189 ἄλλ’
202 1147 247 1187 ἐν
275 1142 351 1186 δύο
380 1139 535 1199 φύσεσι
571 1141 676 1193 μετὰ
721 1141 795 1194 την
821 1141 968 1181 ἕνωσιν
1000 1137 1244 1193 α’συγχύτως
1267 1139 1522 1194 γνωριζόμε-

20 1223 67 1263 15
81 1228 172 1255 νον·
228 1210 299 1252 καί
337 1207 396 1251 ἔτι
425 1205 484 1262 μὴ
522 1206 636 1255 τέλος
666 1203 772 1248 εἶναι
811 1205 1018 1255 κολάσεως
1054 1203 1159 1260 μήτε
1187 1200 1520 1248 ἀποκατάστασιν

80 1274 290 1331 δαιμόνων
319 1273 424 1316 κατοὶ
454 1273 526 1314 τὸν
558 1267 727 1328 ἄφρονα
755 1271 978 1326 Ὠριγένην.

208 1338 390 1383 πιστεύω
431 1338 505 1380 τὸν
547 1337 641 1380 υἱὸν
677 1339 752 1380 τοῦ
789 1339 895 1380 θεοῦ
927 1336 999 1379 τὸν
1036 1335 1180 1392 κύριον
1220 1335 1338 1392 ἡμῶν
1363 1339 1519 1394 Ἰησοῦν

78 1407 268 1464 Χριστὸν
295 1403 398 1459 μετὰ
430 1404 505 1459 την
534 1402 850 1459 ε’νανθρώπησιν
879 1405 958 1456 οὐχ
989 1402 1034 1445 ἓν
1062 1405 1224 1459 θέλημα
1253 1402 1364 1458 ἔχειν
1390 1422 1518 1462 φυσι-

77 1474 148 1516 κὸν
174 1476 247 1515 καί
270 1474 374 1525 μίαν
416 1472 627 1526 ἐνέργειαν
654 1469 756 1512 κατὰ
799 1469 871 1512 τὸν
891 1469 1054 1524 Ῥώμης
1070 1468 1265 1524 Ὁνώριον
1293 1472 1365 1512 καί
1387 1470 1516 1525 Πύρ-

41 1556 151 1596 ορον
177 1539 247 1582 τὸν
275 1533 453 1594 ἄφρονα,
483 1534 590 1578 ἀλλὰ
635 1535 712 1578 δύο
740 1534 933 1590 θελησεις
970 1535 1041 1577 καί
1078 1534 1154 1577 δύο
1177 1537 1398 1590 ἐνεργείας,
1426 1541 1517 1579 θεῖ-

75 1605 152 1660 ’κην
180 1603 338 1660 δηλαδὴ
382 1604 454 1644 καί
482 1602 747 1657 ἀνθρωπίνην
776 1603 986 1655 ἐνέργειαν
1013 1603 1087 1642 καί
1112 1602 1310 1655 θέλησιν,
1340 1605 1412 1645 καί
1437 1620 1520 1658 μη-

78 1674 248 1727 δετέραν
274 1671 355 1712 τῶν
384 1666 554 1725 φύσεων
582 1669 785 1723 α’θέλητον
813 1663 920 1709 εἶναι
948 1663 976 1722 ἢ
1006 1666 1284 1723 ἆνενέργητον.

168 1794 202 1827 6.
222 1792 367 1839 ’Ἄρειος
389 1793 413 1825 Ρ

76 1914 139 1948 sed
164 1912 268 1945 deum
291 1922 413 1943 verum
449 1911 677 1955 coaequalem
717 1916 752 1944 et
776 1915 1003 1944 coaeternum
1040 1912 1133 1956 patri
1168 1915 1204 1944 et
1236 1911 1334 1953 filio,
1372 1923 1391 1946 e
1414 1918 1516 1958 patre

74 1959 326 2011 procedente-m
351 1959 590 2003 processione,
618 1959 709 1991 sicut
734 1958 829 1991 filius
856 1969 899 1991 ex
925 1958 1050 1991 eodem
1074 1959 1318 2001 generatione.

169 2006 275 2038 credo
302 2016 375 2037 non
414 2015 489 2038 esse
515 2005 624 2038 alium
662 2005 775 2038 fllium
818 2005 878 2038 dei
914 2010 996 2038 ante
1033 2005 1174 2038 saecula
1203 2011 1335 2045 natum,
1363 2007 1472 2039 alium
1497 2018 1518 2039 e

74 2053 212 2097 virgine
252 2057 374 2084 natum
404 2052 521 2084 Iesum
546 2052 746 2092 Christum,
781 2053 872 2085 sicut
912 2053 1042 2085 stultus
1066 2051 1251 2085 Nestorius
1290 2052 1515 2098 blasphema-

74 2098 255 2140 banse-<1
281 2109 323 2131 ex
362 2109 403 2131 ea
439 2104 563 2131 natum
588 2099 675 2132 duas
701 2109 775 2132 esse
799 2105 881 2144 post
911 2100 1080 2132 unionem
1115 2105 1279 2140 naturas,
1305 2111 1415 2132 unum
1452 2112 1517 2134 au-

75 2152 147 2180 tem
179 2156 358 2191 persona,
393 2144 514 2178 divina
539 2147 699 2187 scilicet,
735 2145 831 2178 unde
870 2147 973 2179 etiam
1010 2157 1102 2191 quae
1139 2157 1218 2178 eum
1246 2148 1405 2191 peperit,
1432 2159 1517 2193 pro-

74 2194 150 2238 prie
176 2198 212 2226 et
234 2203 315 2225 vere
345 2191 502 2237 deipara,
526 2204 611 2233 non,
637 2198 676 2226 ut
699 2193 828 2226 stultus
856 2193 920 2226 ille
945 2192 1101 2233 volebat,
1115 2192 1354 2247 ‘Christiparm

170 2239 277 2273 credo
293 2264 302 2279 ‚
341 2239 453 2272 filium
497 2239 555 2272 dei
582 2246 662 2284 post
698 2240 977 2273 incarnationem
1003 2246 1039 2273 et
1062 2240 1230 2272 unionem
1255 2241 1385 2273 nonin
1410 2251 1516 2274 unam

74 2290 236 2319 naturam
263 2285 382 2318 ambas
408 2287 647 2328 coniunxisse,
681 2286 873 2319 secundum
904 2287 1092 2320 stultorum
1118 2286 1300 2319 hominum
1317 2312 1326 2327 ‚
1352 2287 1516 2320 Dioscori

74 2338 112 2366 et
145 2332 340 2375 Eutychis,
391 2332 610 2374 doctrinam,
654 2333 715 2378 qui
761 2333 939 2367 divinitati
977 2333 1116 2366 dolores
1152 2332 1413 2375 attribuerunt,
1452 2334 1516 2367 sed

73 2380 112 2412 in
139 2378 277 2412 duabus
314 2380 449 2412 naturis
492 2387 574 2425 post
603 2381 772 2413 unionem
807 2381 964 2414 immixte
1004 2379 1298 2423 dignoscendum3
1330 2392 1396 2413 nec
1429 2392 1513 2414 vero

70 2427 177 2459 finem
206 2437 346 2471 poenae
370 2430 432 2459 aut
467 2428 729 2461 restitutionem
765 2427 978 2461 daemonum
1004 2438 1098 2468 esse,
1123 2432 1164 2460 ut
1185 2426 1315 2460 stultus
1341 2428 1512 2472 Origenes

72 2472 95 2505 d
122 2473 176 2505 cui
197 2497 204 2504 .

98 2484 118 2506 o
164 2478 290 2558 ctredo,
326 2519 436 2552 filium
462 2519 532 2561 dei,
558 2519 738 2553 dominum
773 2526 932 2554 nostrum
958 2522 1074 2553 Iesum
1100 2518 1297 2559 Christum,
1322 2524 1511 2565 postquam

71 2566 179 2599 homo
205 2565 320 2598 factus
347 2571 413 2606 est,
437 2577 510 2600 non
544 2579 650 2600 unam
676 2567 842 2601 habuisse
867 2568 1088 2600 voluntatem
1120 2566 1318 2599 naturalem
1345 2572 1381 2599 et
1406 2578 1510 2602 unam

71 2612 319 2652 efficientiam,
352 2613 546 2647 secundum
575 2615 790 2655 Honor-ium,
830 2615 1034 2659 episcopum
1065 2615 1278 2653 Romanum,
1305 2618 1340 2646 et
1363 2614 1510 2649 stultum

69 2659 252 2702 Pyrrhum,
278 2659 342 2692 sed
368 2659 457 2693 duas
483 2667 624 2694 naturas
654 2666 691 2694 et
717 2661 805 2694 duas
832 2661 1049 2701 efficientias,
1076 2659 1233 2693 divinam
1259 2664 1295 2693 et
1319 2659 1510 2695 humanam

68 2706 291 2786 Eoluntatem
319 2711 355 2739 et
383 2706 619 2749 efficientiam,
643 2714 679 2741 et
703 2715 865 2742 neutram
888 2713 1051 2741 naturam
1076 2712 1137 2741 aut
1161 2707 1346 2741 voluntate
1370 2714 1432 2742 aut
1454 2711 1509 2743 ef-

99 2753 231 2786 cientia
263 2763 395 2786 carere.
