1806 3190
293 148 408 217 428
705 171 932 213 GEORGu
971 171 1294 213 P1-1RANTZAE

295 267 512 324 πρόσοδον,
538 269 594 324 μὴ
615 272 750 312 θέλων
778 268 840 311 ἔτι
860 268 971 323 ἔχειν
988 268 1034 311 τὸ
1053 269 1182 324 βάρος
1203 269 1227 310 ὃ
1244 266 1354 324 εἶχεν
1372 271 1430 320 εἰς
1450 270 1493 312 τὸ
1513 268 1737 324 στρατόπε-

296 337 381 387 δον,
402 333 530 376 εἰπών
555 331 720 384 oilae&
733 333 812 388 ἐγώ
838 336 923 388 εἰμι
941 337 1071 390 γε’ρων
1087 338 1160 378 καί
1186 334 1378 390 ἀσθενής,
1402 333 1511 378 nat&
1528 338 1740 391 ἐκπληρῶν

295 398 368 454 τήν
396 398 650 453 δουλοσύνην
679 399 862 441 ἀπέθανε
880 417 890 428 ·
957 400 1101 443 λοιπὸν
1130 400 1154 455 ἧ
1184 399 1313 455 πολλή
1343 400 1546 455 πρόσοδος
1572 402 1738 456 &usquo

298 464 403 506 ὅπου
426 467 462 507 δ’
489 462 542 507 ἄν
568 463 775 522 κελεύσῃς,
796 467 891 519 ε’μοί
920 468 966 508 δὲ
984 466 1146 521 δοθήτω
1176 464 1304 518 μόνον
1333 465 1377 508 τὸ
1399 467 1554 521 ἀρκοῦν
1571 465 1675 522 πρὸς
1689 467 1732 509 τὸ

301 532 374 584 ζῆν
397 546 450 583 με
479 528 716 585 καθήμενον
743 533 932 574 ἐνταῦθα
961 531 1065 585 μετά
1082 548 1202 574 τινων
1230 532 1418 585 ὀλίγωνῗ
1471 532 1492 574 ὅ
1525 528 1600 574 οὖν
1627 530 1735 587 ιῖμη-
1749 537 1789 580 5η

299 598 377 648 ρᾶς
403 595 651 649 ἀπεκρίνατο
669 596 832 647 “ualde
860 596 971 652 ἔχει·
1038 599 1336 652 διαχωρισάτω
1381 598 1403 638 ὅ
1434 596 1637 654 δεσπότης
1664 597 1737 648 οὓς

298 657 533 714 βούλεται,”
553 661 627 703 καί
655 662 844 718 χωρίσας
866 665 1019 705 δέδωκε
1039 662 1143 718 πρὸς
1172 662 1303 705 αὐτὸν
1322 657 1464 719 ἇσπρα
1486 662 1738 719 πεντήκοντα

297 727 514 779 χιλιάδας,
557 729 624 768 ἵνα
653 726 729 785 ἔχῃ
763 730 807 771 ἐκ
837 730 913 770 τοῦ
952 729 1172 783 κομερκίου
1202 732 1279 771 τοῦ
1307 727 1511 784 α’λεύρου·
1567 731 1662 779 τούς
1691 731 1738 772 δὲ

301 794 494 841 πλειόνας
526 795 609 834 τῶν
628 794 880 849 ὑποχειρίων
909 795 1045 836 αὐτοῦ
1072 796 1313 850 περιορι’σας
1342 795 1500 850 ἀπῆρεν
1527 796 1595 837 ἵνα
1621 792 1738 850 εὖρί-
1791 829 1793 832 .

299 873 482 900 σκωνται
523 860 568 900 ἐν
601 860 654 915 τῇ
691 858 1151 902 Κωνσταντινουπὸλει.
1219 858 1337 903 ἄλλοι
1377 861 1423 902 δὲ
1460 858 1576 903 εἶπον
1603 854 1798 917 ἄλλωςιδ

296 926 486 978 γέγονεν,
529 920 591 967 ὅτι
636 924 658 966 ὅ
700 928 781 967 ταῖν
813 929 948 967 κακῶν
986 926 1176 968 ἁπάντων
1203 925 1430 982 ἐφευρετὴς
1458 929 1689 975 ΠΙατθαϊος
1714 926 1738 968 ὁ

289 987 470 1044 Ἀσάνης
501 989 607 1043 μετὰ
635 993 718 1032 τῶν
747 991 928 1045 ἑχόντων
951 991 1027 1046 τήν
1050 993 1122 1046 τῆς
1136 992 1273 1034 Αἴνου
1293 990 1439 1047 ἁλικὴν
1463 994 1619 1045 κλέψας
1642 992 1732 1034 τινὰ
1805 1043 1806 1046 ¹

293 1054 492 1110 χρήματα
518 1055 576 1110 μή
610 1056 762 1106 εἰδότος
789 1060 864 1099 τοῦ
893 1057 1112 1111 δεσπότου,
1154 1059 1226 1099 καί
1254 1061 1372 1100 τοῦτο
1399 1058 1550 1111 μαθών
1578 1054 1598 1098 ὅ
1629 1059 1739 1112 α’μη-

298 1123 376 1175 ρᾶς
407 1120 620 1176 ἐβουλήθη
647 1123 798 1165 πιάσαι
826 1121 901 1165 τὸν
920 1126 1134 1178 εἰρημένον
1158 1120 1338 1178 Ἀσάνην
1367 1124 1439 1166 καί
1465 1123 1738 1166 ἆνασκολοπί-

295 1203 367 1228 σαι
398 1185 537 1240 αὐτόν,
562 1187 583 1228 ὅ
614 1189 659 1229 δὲ
680 1188 860 1244 Ἀσάνης
888 1191 933 1231 ἐκ
950 1191 1025 1230 τοῦ
1054 1188 1201 1246 φόβου,
1233 1187 1338 1231 ἔνθα
1365 1185 1427 1245 ἦν,
1456 1190 1679 1242 α’πέψυξεν.
1713 1189 1735 1230 ὁ
1757 1176 1801 1235 13

297 1253 344 1293 δὲ
373 1252 540 1308 οἷμηρᾶς
576 1252 823 1296 ὑποπτεύων
851 1254 907 1309 μή
937 1271 1000 1297 τοι
1045 1258 1118 1296 καί
1147 1255 1168 1296 ὁ
1201 1255 1401 1310 δεσπότης
1427 1257 1472 1297 ἐν
1497 1256 1546 1312 τῇ
1569 1253 1740 1312 τοιαύτῃ
1794 1251 1800 1302 ‘j

297 1320 518 1374 συμβουλῇ
545 1314 596 1373 ἦν
612 1321 683 1360 καί
705 1321 977 1378 δραπετεύσῃ,
994 1319 1190 1375 ἐξώρισεν
1214 1323 1259 1363 ὲν
1285 1323 1343 1378 τῷ
1362 1323 1651 1379 Διδυμοτείχῳ
1669 1323 1743 1363 καί
1793 1308 1801 1371 ξ

295 1378 398 1438 ἦρεν
419 1383 551 1425 αὐτοῦ
579 1387 661 1427 πᾶν
679 1388 925 1441 σιτηρέσιον,
955 1386 1025 1428 καί
1051 1384 1160 1428 οὕτω
1186 1388 1322 1436 κακῶς
1347 1387 1536 1428 διέκειτο.
1564 1389 1643 1444 μιᾷ
1666 1382 1742 1428 οὖν
1791 1378 1801 1434 ἶ

298 1451 383 1492 τῶν
411 1450 576 1506 ἡμερῶν
604 1453 831 1505 ἐρχομένου
862 1454 938 1493 τοῦ
961 1452 1105 1506 ἅμηρᾶ
1125 1451 1207 1494 οἷπὸ
1227 1455 1301 1494 τοῦ
1325 1455 1519 1508 κυνηγίου
1543 1451 1616 1494 καί
1641 1452 1742 1506 μέλ·
1776 1434 1806 1567 A

296 1519 436 1565 λοντος
466 1518 646 1558 διελθεῖν
671 1514 771 1559 ὅθεν
798 1516 818 1559 ὅ
848 1519 1063 1572 εἰρημένος
1103 1518 1302 1573 δεσπότης
1325 1514 1392 1573 ἧν,
1424 1520 1596 1574 ἐξῆλθεν
1625 1518 1647 1559 ὅ
1674 1515 1798 1575 διε-λ’,

298 1580 452 1636 σπότης
484 1585 729 1637 πεζηποριῦν
756 1584 830 1624 καί
855 1583 1114 1639 συναντήσας
1153 1585 1436 1640 προσεκύνησε
1469 1583 1542 1626 τὸν
1571 1585 1740 1639 οἷμηρᾶν

298 1645 371 1688 τὸν
399 1647 473 1689 καί
497 1647 686 1703 γαμβρὸν
712 1648 857 1714 αὖτόῦ.
930 1650 1033 1691 ἰδών
1072 1651 1118 1692 δὲ
1146 1652 1293 1691 τοῦτον
1318 1648 1340 1690 ὅ
1370 1651 1535 1705 ἆμηρᾶς
1563 1666 1742 1706 περιπα-
1786 1703 1787 1706 ¹

298 1715 452 1756 τοῦντα
480 1713 671 1770 ἐλυπήθη
701 1713 884 1772 σφόδρα,
910 1715 983 1758 καί
999 1717 1157 1769 μᾶλλον
1184 1715 1508 1771 σπλαγχνισθείς
1533 1715 1577 1759 τὸ
1607 1719 1741 1773 γῆρας

390 1830 547 1870 6-ώςΡ

301 1933 383 1967 dam
407 1934 567 1979 cognovi,
588 1934 791 1969 Demetrius
817 1935 980 1981 despota,
1003 1948 1077 1970 non
1102 1937 1172 1970 iam
1196 1937 1350 1970 militiae
1374 1937 1573 1970 molestiam
1596 1940 1740 1970 susten-

299 1987 413 2022 turus,
439 1993 576 2015 amer-'le
613 1982 747 2015 reditus
775 1984 913 2017 remisit
938 1983 994 2018 his
1027 1983 1147 2019 verbis
1170 1982 1306 2017 “senex
1334 1995 1408 2017 sum
1433 1990 1470 2017 et
1495 1984 1679 2025 infirmus,
1703 1989 1741 2016 ct
1788 1984 1791 2006 ’-

300 2028 454 2069 occidit,
480 2029 541 2074 qui
566 2028 635 2062 tibi
663 2029 851 2063 serviebat.
900 2031 1023 2076 itaque
1049 2031 1161 2064 multa
1178 2032 1266 2065 haec
1283 2031 1448 2076 pecunia,
1472 2042 1544 2076 quo
1568 2030 1648 2063 loco
1675 2041 1741 2062 vo-

300 2077 421 2116 lueris,
444 2075 643 2121 pendetur:
668 2076 756 2109 mihi
782 2076 896 2118 detur,
923 2084 1097 2123 quantum
1125 2077 1170 2110 ad
1192 2079 1325 2111 victum
1354 2077 1524 2118 sufficiat,
1548 2089 1625 2111 cum
1649 2088 1740 2123 pau-

300 2124 350 2156 cis
376 2123 436 2156 hic
469 2120 648 2166 degenti.”
710 2124 898 2169 respondit
931 2136 1064 2158 ameras
1092 2124 1223 2159 “bene
1259 2136 1313 2158 res
1340 2124 1468 2158 habet:
1495 2130 1653 2169 segreget
1677 2123 1742 2156 de-

301 2176 404 2215 spota
424 2181 495 2203 ase
509 2171 604 2211 lieet,
631 2182 720 2215 quos
745 2171 801 2203 illi
825 2171 986 2216 placet:”
1017 2172 1192 2218 deditque
1221 2177 1404 2216 segregato
1430 2182 1611 2216 asprorum
1633 2171 1741 2216 quin-

301 2218 470 2262 quaginta
486 2217 596 2258 milia,
615 2228 633 2249 e
650 2217 884 2262 vectigalibus
903 2219 1141 2253 frumentariis
1162 2220 1194 2253 ei
1212 2218 1414 2264 pendenda,
1435 2218 1616 2263 plerisque
1635 2218 1741 2250 mini·
1788 2244 1791 2253 ς

302 2265 382 2298 stris
407 2265 483 2297 eius
507 2265 613 2309 Cpoli
638 2264 766 2309 degere
795 2265 910 2298 iussis.
939 2266 1001 2299 alii
1023 2278 1094 2299 rem
1119 2267 1224 2299 aliter
1241 2271 1402 2299 narrant:
1428 2276 1556 2310 nempe
1583 2265 1742 2298 omnium
1787 2258 1792 2266 ’

301 2312 476 2344 malorum
504 2317 683 2344 auctorem
706 2311 926 2345 Matthaeum
952 2314 1103 2347 Asanem
1135 2325 1213 2347 cum
1238 2312 1474 2357 quibusdam,
1517 2312 1580 2357 qui
1612 2311 1742 2344 salinas

302 2359 394 2391 Aeni
418 2358 608 2399 tenebant,
644 2360 814 2404 pecunias
843 2359 1015 2404 quasdam
1048 2361 1202 2394 furatum
1233 2371 1326 2400 esse,
1361 2360 1474 2392 inscio
1502 2358 1661 2402 despota.
1703 2356 1743 2391 id

303 2405 368 2438 ubi
400 2406 632 2450 comperisset
663 2417 808 2447 arueras,
831 2407 986 2439 voluisse
1021 2419 1101 2440 eum
1129 2408 1277 2440 Asauem
1308 2407 1411 2439 illum
1441 2404 1743 2451 comprehendere

303 2458 342 2486 et
364 2452 448 2498 palo
483 2453 711 2497 transfigere:
747 2453 842 2486 unde
868 2460 965 2486 metu
995 2455 1194 2498 perculsum
1224 2454 1376 2486 Asanem
1407 2453 1505 2486 illico
1535 2452 1745 2497 exspirasse.

303 2510 459 2532 amen-am
483 2505 600 2533 autem
627 2501 856 2545 suspicatum,
881 2500 1063 2545 despotam
1094 2502 1169 2534 eius
1195 2502 1335 2533 consilii
1362 2500 1569 2545 participem
1598 2503 1636 2532 et
1660 2499 1744 2542 fuga

303 2547 453 2580 salutem
471 2547 713 2592 quaesiturum
734 2558 822 2588 esse,
837 2558 928 2588 eum,
945 2547 1234 2592 Didymotichum
1259 2548 1466 2592 relegatum,
1483 2545 1581 2579 omni
1607 2546 1744 2590 stipen-

304 2591 365 2625 dio
391 2594 575 2638 spoliasse,
604 2599 640 2627 et
663 2594 715 2627 ita
739 2594 831 2627 male
843 2594 1024 2627 multasse.
1055 2594 1232 2640 quondam
1254 2600 1385 2634 autem,
1411 2605 1519 2639 quum
1545 2603 1694 2631 ameras,
1721 2602 1744 2623 a

303 2641 495 2674 venatione
514 2640 665 2682 rediens,
683 2642 898 2674 transiturus
921 2647 1025 2682 esset,
1050 2642 1114 2675 ubi
1140 2641 1289 2686 despota
1307 2642 1449 2680 viveret,
1475 2640 1570 2672 hunc
1589 2638 1744 2684 pedibus
1786 2655 1788 2658 ·

306 2685 446 2719 obviam
461 2688 687 2732 processisse,
711 2694 748 2721 et
771 2700 935 2728 ameram,
953 2699 1119 2733 generum
1146 2700 1261 2730 suum,
1288 2688 1469 2728 adorasse3
1493 2687 1606 2726 illum,
1632 2697 1742 2731 quum

307 2732 550 2768 ambulantem
566 2745 646 2768 eum
659 2734 808 2777 videret,
822 2735 1050 2770 vehementer
1068 2736 1258 2775 tristatum,
1274 2741 1309 2769 et
1330 2735 1438 2779 magis
1459 2734 1565 2767 etiam
1585 2732 1744 2766 eiusdem
