1806 3190
308 103 434 158 .216
743 115 966 158 omnen
1008 111 1115 152 pun
1123 107 1326 175 ΛΜΖΑΕ

320 216 386 259 ὅτι
415 219 522 267 τινὲς
559 218 604 259 ἐκ
633 217 702 269 τῆς
728 214 905 265 Ἰβηρίας
933 208 1210 263 ἐληλύθασιν,
1247 205 1376 252 ἐάσας
1406 201 1452 244 τὸ
1483 202 1682 261 συάγριον
1710 205 1755 246 ἐν

318 291 403 333 τοῖς
449 283 690 335 α’νακτόροις
722 274 821 332 ἦλθε
863 274 970 328 μετοὶ
1005 275 1158 328 χαρᾶς.
1209 274 1252 313 ἐν
1282 264 1313 327 ᾧ
1357 267 1408 324 δὴ
1445 271 1578 326 καιρῷ
1615 267 1755 326 ἔφθα-

315 366 395 391 σαν
438 347 475 390 οἱ
513 343 867 401 χαρτοκομισταί,
906 342 958 396 τῇ
999 339 1056 393 κη’
1096 339 1173 379 τοῦ
1205 338 1375 387 .Μα”ι”ου,
1414 336 1463 391 τῇ
1488 334 1596 391 αὐτῇ
1639 337 1756 378 νυκτὶ

316 414 541 455 ὑπνώττων
575 407 712 464 ἐφάνη
740 424 811 459 μοι
850 407 936 447 κατ’
979 399 1081 456 ὄναρ
1116 399 1179 444 ὅτι
1225 399 1298 442 καί
1331 397 1410 454 ἐγώ
1441 400 1500 449 εἰς
1526 398 1602 454 τὴν
1629 402 1754 443 Κων-

315 476 650 520 σταντινούπολιν
681 472 870 527 ἔφθασα,
913 471 985 510 καί
1012 463 1303 521 προσσπεύσας
1339 467 1396 522 τῷ
1422 467 1594 518 βασιλεῖ’
1614 465 1779 510 dona-5

314 542 474 596 σθῆναί
494 556 547 593 με
584 538 681 587 τούς
723 539 855 585 πόδας
896 536 1026 577 αότοῧ
1056 534 1129 574 οὐκ
1163 530 1278 573 εἴασέ
1303 547 1375 583 με,
1423 531 1514 572 ἀλλ’
1542 530 1752 584 ἐπιλαβών

314 608 509 659 ἀνέστησέ
545 620 598 658 με
644 602 717 644 καί
752 602 1000 657 κατεφίλησέ
1037 614 1120 652 μου
1158 597 1256 645 τούς
1292 593 1555 652 ὀφθαλμούς.
1623 595 1752 651 ἔγωγε

313 671 484 722 ἔξυπνος
511 668 726 723 γενόμενος
749 665 864 709 εἶπον
893 672 977 715 τοῖς
998 663 1096 718 περὶ
1123 665 1197 716 ἐμὲ
1215 660 1394 704 ὑπνοῦσι
1425 660 1468 704 τὸ
1499 659 1654 717 ὅραμα,
1681 665 1755 705 καί

314 734 425 785 ὅπως
454 738 527 789 τῆς
554 736 712 789 ἡμέρας
749 728 1081 787 μνημονεύσωσι.
1155 727 1258 771 ἰδών
1286 724 1361 770 οὖν
1389 727 1412 769 ὅ
1441 729 1644 784 αὐθέντης
1668 744 1752 782 μου

315 804 388 843 καί
412 800 610 854 βασιλεύς
648 798 705 853 μή
747 801 885 840 ἐλθεῖν
913 813 966 850 με
1007 793 1096 837 ἀλλ’
1126 796 1171 836 ἐκ
1205 797 1286 836 τῶν
1315 793 1394 836 σῦν
1421 795 1540 847 ἐμοί,
1579 793 1652 836 καί
1677 792 1785 849 τὴνι

315 867 483 922 πρώτην
513 864 682 921 γραφὴν
711 863 955 918 ἀναγνώσας
993 863 1220 915 περίλυπος
1248 860 1404 913 ἐγένετο
1432 859 1503 901 καί
1527 858 1756 919 ἐδυσφόρει

313 934 555 987 κατηγορῶν
583 930 659 984 τὴν
687 928 793 983 ἐμήν
821 929 1083 983 βραδύτητα·
1150 924 1206 976 ὥς
1235 927 1279 967 δὲ
1311 925 1386 980 τὴν
1417 923 1562 980 ἑτέραν
1587 924 1757 982 γραφήν

313 998 386 1041 ἐπὶ
423 997 496 1053 την
535 994 683 1052 αὔριον
723 998 902 1049 α’νέγνω,
946 995 1019 1036 καί
1044 992 1197 1046 μαθών
1225 996 1391 1045 μέλλειν
1418 995 1555 1035 ἐλθεῖν
1581 991 1652 1034 διὰ
1682 995 1758 1046 τῆς

313 1065 505 1120 γραφῆς,
548 1062 640 1105 ἰδοὺ
680 1062 864 1116 ἠρκέσθη
901 1059 972 1101 καί
996 1059 1159 1112 χαρίεις
1190 1060 1452 1111 ἐναπέμεινε·
1527 1060 1600 1100 καί
1626 1057 1757 1107 εὗθύς

315 1126 583 1182 οἰκονομήσας
614 1125 822 1181 Μανουὴλ
865 1124 936 1167 τὸν
964 1122 1260 1176 Παλαιολόγον
1298 1123 1368 1165 τὸν
1400 1125 1475 1178 τῆς
1507 1127 1754 1166 Καντακου-
1773 1142 1786 1168 1

316 1197 440 1250 ζηνῆς
480 1196 551 1247 τῆς
594 1192 1032 1247 πρωτοστρατορίσσης
1074 1190 1278 1241 α’νεψιόν,
1312 1190 1594 1239 ἐξαπέστειλεν
1627 1187 1756 1231 αὐτόν

314 1259 419 1312 πρὸς
450 1258 520 1301 τὸν
560 1261 632 1312 τῆς
666 1261 840 1313 Σερβιάς
885 1255 1117 1310 δεσπότην,
1146 1254 1214 1296 ἵνα
1240 1253 1442 1312 δοκιμάσῃ
1464 1257 1536 1297 καί
1562 1253 1630 1312 ἴδῃ
1658 1253 1759 1310 περὶ

315 1321 365 1367 οὗ
394 1326 437 1366 ἐν
467 1327 517 1380 ἰᾗ
548 1325 627 1380 έμῇ
656 1325 848 1379 ἐπιστολῇ
885 1312 1079 1377 γέγραφα
1117 1320 1393 1363 συνοικεσίου.
1451 1323 1523 1363 καί
1547 1322 1756 1363 οἰκοῦσαν-

313 1407 381 1441 τες
408 1389 444 1432 οἱ
471 1395 603 1444 γονεῖς
635 1387 766 1443 αὐτῆς
807 1389 940 1443 ἡδέως
983 1386 1056 1428 καί
1083 1387 1274 1438 α’σμένως
1302 1385 1376 1428 τὸν
1402 1385 1524 1439 λόγον
1551 1388 1756 1440 ἐδέξαντο,

313 1456 384 1498 καὶ
409 1454 585 1508 ἑτοίμως
609 1451 723 1508 εἶχον
744 1455 1009 1509 ἐκπληρῶσαι
1051 1452 1124 1494 καί
1149 1451 1194 1493 τὸ
1227 1451 1360 1507 ἔργον.
1419 1447 1545 1494 ἄλλον
1571 1452 1650 1507 γὰρ
1681 1451 1792 1499 otiam

315 1522 497 1565 ἐκώλυσε
525 1519 572 1562 τὸ
605 1523 790 1562 τοιοῦτον
822 1521 1079 1561 συνοικέσιον
1107 1519 1147 1560 εἰ
1171 1517 1228 1572 μη
1259 1514 1371 1572 δ’τιῆ
1403 1516 1617 1572 α’μήρισσα
1640 1519 1757 1572 ἐθεή·

316 1591 374 1641 θη
404 1589 481 1627 τοῦ
525 1586 629 1628 θεοῦ
658 1587 866 1638 εὐχομένη
909 1584 1070 1636 τάξασα
1113 1581 1177 1625 ἔτι
1218 1585 1368 1635 ζῶντος
1406 1585 1481 1625 τοῦ
1507 1584 1652 1639 α’μηριῖ
1689 1583 1762 1626 καὶ

319 1652 473 1707 ἀνδρὸς
502 1650 640 1706 αὗτῆς,
668 1653 708 1693 εἰ
732 1651 753 1693 ὃ
781 1649 881 1700 θεὸς
913 1652 985 1708 οἴῳ
1015 1649 1065 1705 δή
1094 1665 1193 1691 ποτε
1221 1647 1361 1707 τρόπῳ
1390 1646 1654 1707 ἐλευθερώσῃ
1683 1650 1759 1692 αυ’·

318 1717 390 1774 τὴν
430 1720 475 1760 ἐκ
520 1717 597 1766 τάς
634 1719 714 1760 τῶν
743 1718 906 1770 α’σεβῶν
943 1721 1110 1771 χεῖρας,
1154 1713 1280 1773 ἑτέρῳ
1314 1715 1440 1771 ἀνδρὶ
1463 1717 1610 1771 μηκέτι
1636 1717 1681 1758 ἐν
1707 1717 1761 1773 τῇ
1805 1737 1806 1743 ¹

413 1853 446 1886 3.
471 1852 848 1897 γραμματοκομισταὶ
873 1851 910 1883 Μ
1029 1850 1060 1894 4.
1088 1852 1164 1883 κατ’
1194 1848 1288 1895 ὄναρ
1314 1861 1372 1883 om
1397 1849 1422 1882 P
1545 1847 1596 1882 13.
1621 1843 1759 1895 μαθών

414 1899 536 1934 ἐλθεῖν
556 1909 605 1945 με
626 1898 767 1944 μᾶλλον
783 1899 808 1931 Ρ
934 1900 985 1933 ¹8·
1011 1900 1223 1942 γέγραπται
1249 1897 1274 1929 Ρ

321 2017 415 2049 nisse
443 2015 616 2061 quosdam
645 2026 687 2048 ex
711 2015 842 2056 Iberia,
867 2016 988 2049 relicta
1013 2017 1215 2058 venatione,
1241 2014 1481 2049 laetabundus
1504 2014 1676 2061 palatium
1694 2025 1761 2060 pe-

322 2064 389 2096 tiit.
431 2074 501 2108 quo
526 2068 686 2107 tempore
723 2062 901 2095 tabellarii
937 2063 1177 2104 advenerunt,
1216 2063 1275 2096 die
1310 2064 1353 2097 28
1377 2062 1476 2103 Maii,
1502 2061 1627 2095 eadem
1653 2067 1759 2095 nocte

324 2121 389 2154 per
414 2120 575 2143 somnum
597 2110 692 2142 visus
722 2108 809 2142 mihi
837 2121 911 2142 sum
937 2115 972 2142 et
1004 2110 1079 2154 ipse
1105 2110 1228 2143 adesse
1255 2110 1375 2155 cpoli,
1402 2120 1583 2156 quumque
1609 2109 1758 2143 festina-

322 2167 394 2189 rem
417 2155 463 2188 ad
487 2157 747 2200 imperatorem,
772 2167 886 2200 genua
917 2157 991 2188 eius
1016 2158 1251 2201 amplexurus‚
1295 2157 1441 2189 retineri
1468 2156 1513 2189 ab
1541 2167 1584 2189 eo
1613 2161 1649 2189 et
1673 2155 1758 2189 sub-

322 2203 432 2235 levari
461 2208 497 2236 et
521 2202 642 2236 osculo
668 2203 824 2235 salutari.
851 2203 1127 2247 expergefactus,
1154 2205 1218 2244 iis,
1243 2204 1304 2249 qui
1323 2204 1415 2236 circa
1437 2214 1494 2236 me
1522 2202 1759 2243 dormiebant,

322 2250 496 2282 somnium
515 2249 666 2289 narravi,
684 2255 791 2294 atque
809 2249 894 2289 dixi,
912 2255 950 2282 ut
966 2250 1036 2282 diei
1054 2252 1308 2284 meminissent.
1328 2251 1522 2295 imperator
1545 2255 1674 2290 autem,
1691 2248 1760 2282 do-

322 2297 438 2328 minus
452 2307 563 2335 meus,
579 2296 639 2328 ubi
661 2307 734 2328 non
753 2296 868 2341 ipsum
888 2307 954 2336 me,
973 2296 1035 2328 sed
1052 2309 1069 2329 e
1087 2297 1275 2330 comitibus
1290 2297 1446 2342 aliquem
1463 2296 1586 2329 adesse
1601 2295 1762 2329 animad-

322 2344 437 2384 vertit,
456 2349 493 2375 et
514 2343 668 2387 priorem
682 2343 768 2386 legit
787 2343 986 2388 epistolam,
1003 2350 1158 2377 moestus
1174 2346 1298 2385 factus,
1324 2344 1512 2388 segnitiam
1525 2355 1639 2377 meam
1654 2354 1758 2387 aegre

322 2389 409 2421 tulit
436 2389 698 2434 accusavitque.
727 2389 787 2421 ubi
813 2395 929 2422 autem
955 2389 1099 2422 alteram
1126 2391 1184 2424 die
1211 2393 1376 2437 sequenti
1404 2391 1492 2435 legit
1515 2401 1644 2436 meque
1667 2401 1758 2423 ven-

323 2440 439 2467 turum
468 2447 543 2469 esse
579 2435 724 2476 didicit,
749 2436 930 2481 acquievit
962 2441 998 2468 et
1023 2437 1181 2470 laetitiae
1218 2450 1254 2471 se
1282 2437 1394 2478 dedit,
1430 2437 1620 2482 statimque
1643 2447 1758 2470 rerum

323 2482 450 2514 notitia
476 2483 685 2515 instructum
705 2483 907 2515 Manuelem
934 2483 1181 2528 palaeologum
1196 2510 1205 2525 ,
1229 2485 1496 2518 Cantacuzenae
1521 2489 1758 2529 protostrato-

325 2528 430 2559 rissae
454 2528 724 2570 consobrinum,
748 2529 793 2562 ad
824 2529 1008 2574 despotam
1035 2531 1174 2564 Serviae
1199 2532 1398 2576 ablegavit,
1439 2537 1480 2565 ut
1501 2531 1532 2564 is
1561 2530 1605 2564 de
1631 2530 1758 2563 coniu—

324 2574 394 2616 gio,
420 2573 463 2606 de
503 2587 575 2620 quo
602 2577 819 2620 scripseram,
844 2576 1046 2620 inquireret
1076 2589 1114 2609 ac
1138 2579 1286 2612 videret.
1313 2583 1478 2624 parentes
1503 2578 1580 2610 eius
1605 2577 1761 2611 libenter

325 2626 360 2652 et
394 2620 520 2664 cupide
555 2621 800 2655 conditionem
838 2628 1071 2668 acceperunt,
1107 2630 1143 2657 et
1180 2625 1225 2657 ad
1260 2637 1331 2658 rem
1367 2624 1616 2670 perficiendam
1643 2623 1758 2669 parati

325 2671 435 2699 erant.
462 2667 561 2701 nulla
585 2669 678 2702 enim
701 2669 772 2702 alia
805 2680 859 2703 res
885 2669 923 2702 id
955 2669 1157 2714 coniugium
1186 2671 1419 2717 impediebat,
1447 2671 1516 2706 nisi
1542 2670 1639 2717 quod
1660 2681 1756 2704 ame-
