1806 3190
1778 117 1782 132 „
1772 91 1783 97 :
1762 0 1785 75 Γηρᾶ

294 145 404 212 248
706 164 933 204 Gssoneu
977 162 1296 202 PimAN'rzAE

285 263 366 315 νῆα
398 263 443 303 ἐκ
477 259 666 308 ,Σικελίας
707 259 809 312 μετὰ
848 260 964 302 σι’του
1003 260 1242 314 ἐρχομένην.
1308 262 1381 302 καί
1417 261 1642 315 φθάσασαι
1676 264 1722 304 ἐν
1775 267 1785 309 3

282 329 364 385 μιᾷ
387 327 468 369 τῶν
495 327 650 368 νυκτῶν
678 323 798 378 ἐγγὺς
838 328 913 379 τῆς
941 324 1110 379 πόλεως,
1137 325 1211 366 καί
1237 327 1294 382 τῷ
1324 327 1439 380 πρωῒ
1461 324 1614 376 ἰδόντες
1642 328 1721 368 av‘-
1780 339 1782 344 ’

282 393 355 442 τάς
381 392 426 434 αἱ
466 389 743 446 ἧμερόσκοποι
780 390 963 446 τριήρεις
994 393 1069 432 τοῦ
1104 387 1269 446 άμηρᾶ,
1299 393 1370 432 καί
1394 393 1440 432 ἐκ
1471 394 1549 433 τοῦ
1574 390 1719 446 ἑτέρου

279 460 428 500 στόλου
457 459 584 511 μέρος
611 454 713 497 πολὺ
755 459 843 498 κατ’
874 458 1009 498 αὐτῶν
1043 454 1246 511 ὥρμησαν
1274 457 1375 509 μετὰ
1410 455 1545 512 πάσης
1568 459 1720 512 χαρᾶς,

274 523 386 575 μετὰ
426 519 652 574 τυμπάνων
691 524 763 564 καί
801 523 1026 576 κερατίνων
1055 525 1290 576 σαλπίγγων
1319 525 1575 577 κροτοῦντες,
1604 525 1756 567 ἐλαί-5

280 590 418 639 ζοντες
445 589 491 629 ἐν
518 587 840 644 εὐκολίᾳτάσδε
870 587 946 636 τὰς
978 590 1081 642 νῆας
1106 591 1371 643 σαγηνεῦσαι.
1442 589 1500 638 ὥς
1528 589 1576 630 δὲ
1604 585 1717 646 ἤγγι-

276 670 357 695 σαν
385 654 459 694 καί
499 651 566 694 τὸν
594 652 775 705 πόλεμον
811 653 982 709 ἀνῆψαν
1007 656 1081 696 καί
1108 655 1434 708 άκροβολίζοντο,
1464 657 1509 696 ἐν
1536 654 1718 709 πρώτοις

274 715 407 774 ἦλθον
428 718 531 761 κατὰ
554 720 626 773 τῆς
645 722 862 774 βασιλικῆς
881 718 979 774 νηὸς
996 719 1102 772 μετὰ
1135 722 1367 777 ἑπῃρμεῖνης
1394 715 1556 776 ὄφρύος
1571 738 1581 748 ·
1611 719 1637 775 ἦ
1669 723 1718 764 δὲ

273 787 379 833 ναῦς
399 786 444 826 ἐκ
463 786 536 840 τῆς
557 784 720 838 πρώτης
738 787 969 838 προσβολῆς
979 784 1085 837 μετά
1107 786 1378 839 ἐλεβολίσκων
1401 788 1473 827 καί
1498 789 1631 840 βελῶν
1646 789 1720 830 καί

271 851 432 904 πετρῶν
460 852 595 899 κακῶς
625 849 871 899 ἐδεξιώσατο
903 850 1066 899 αὐτούς.
1103 851 1176 893 καί
1202 850 1392 901 ἐλθόντες
1419 858 1511 900 ταῖς
1527 853 1716 907 πρώραις
1733 870 1787 900 ιο

270 915 542 957 ὑποκάτωθεν
566 918 638 970 τῆς
666 913 787 969 νηός,
815 915 942 957 αὐτοὶ
970 918 1015 957 δὲ
1051 915 1154 969 μετά
1184 916 1350 970 χύτρων
1376 922 1717 971 κατασκευασμέ-

269 998 351 1022 νων
375 983 572 1034 τεχνικῶς
601 983 706 1034 πυρί
732 980 844 1038 ὑγρῷ
880 984 952 1022 καί
979 985 1143 1034 πετρῶν
1171 981 1294 1023 πάλιν
1321 982 1478 1032 αὐτοὺς
1503 984 1719 1038 μακρόθεν

270 1044 554 1099 α’πεμπόδιζον
587 1044 658 1087 διά
690 1043 736 1086 τό
764 1048 958 1099 γίνεσθαι
987 1046 1114 1088 πολὺν
1144 1045 1271 1102 φόνον
1290 1051 1382 1088 κατ’
1403 1048 1570 1098 αὐτούς.
1599 1047 1718 1105 ἡμεῖς

270 1114 318 1154 δὲ
358 1114 404 1154 ἐκ
441 1114 526 1152 τῶν
564 1113 714 1164 τειχῶν
755 1107 917 1152 ἄνωθεν
956 1115 1087 1154 ταῦτα
1122 1115 1382 1167 θεωροῦντες
1411 1113 1616 1166 ἐδεόμεθα
1642 1117 1718 1157 τοῦ

233 1179 376 1219 Βθεοῢ
406 1179 574 1231 ἐλεῆσαι
607 1176 763 1225 αὐτούς
791 1177 865 1218 καί
892 1175 1015 1231 ἡμᾶς.
1081 1175 1235 1230 ὁμοίως
1268 1180 1314 1220 δὲ
1339 1176 1363 1219 ὅ
1396 1180 1561 1234 α’μηρᾶς
1590 1179 1715 1238 ἔφιπ-
1733 1182 1787 1226 15]

269 1258 346 1291 πος
371 1240 499 1291 ἑστώς
544 1241 646 1283 κατὰ
684 1241 759 1290 τὰς
796 1239 927 1291 άκτὰς
967 1245 1037 1297 τῆς
1065 1245 1282 1298 θαλάσσης
1319 1246 1494 1300 ἐθεώρει
1524 1246 1575 1288 τά
1605 1245 1718 1301 γινό-

267 1324 385 1360 μενα.
453 1310 526 1349 καί
558 1305 682 1348 πάλιν
710 1309 756 1349 ἐκ
793 1311 931 1363 τρίτου
960 1310 1343 1363 ἐμακροβολίζοντο,
1373 1308 1461 1352 εἶτα
1493 1311 1618 1354 πάλιν
1642 1316 1717 1356 θέ-

268 1377 404 1422 λοντες
430 1375 639 1428 συρρῆξαι
668 1374 812 1423 αὕτοῖς
840 1372 942 1426 μετά
974 1377 1208 1431 ἑπῃρμένης
1236 1375 1397 1430 ὀφρύος
1424 1380 1496 1419 καί
1521 1377 1716 1432 μεγάλων

267 1439 545 1493 α’λαλαγμαῖν·
610 1439 648 1481 οἱ
687 1442 734 1481 δὲ
762 1438 988 1494 ναύκληροι
1029 1440 1102 1482 καί
1129 1444 1382 1496 κυβερνῆται
1409 1442 1481 1484 καί
1509 1445 1714 1499 ναύαρχοι

267 1506 469 1559 ἀνδρείως
500 1503 571 1546 καί
596 1502 826 1560 ῥωμαλέως
858 1508 1094 1559 σταθέντες,
1127 1506 1223 1555 τούς
1252 1511 1409 1557 ναύτας
1435 1511 1713 1565 παραθαρρύ-
1725 1528 1786 1556 aet

266 1585 407 1619 ναντες
447 1571 676 1612 α’ποθανεῖν
722 1572 884 1622 μᾶλλον
921 1568 951 1626 ἢ
980 1573 1077 1626 ζῆν,
1121 1575 1195 1614 καί
1231 1571 1416 1625 μάλιστα
1447 1574 1469 1616 ὅ
1498 1577 1716 1632 ναυάρχης

264 1638 336 1688 τῆς
374 1637 594 1690 βασιλικῆς
644 1635 742 1691 νηὸς
777 1632 961 1690 τοῦνομα
1004 1640 1298 1687 Φλαντανελᾶς
1340 1642 1385 1681 ἐκ
1427 1639 1616 1697 πρύμνης
1654 1645 1713 1691 εἰς

264 1700 439 1758 πρῶραν
465 1702 735 1757 διερχόμενος
760 1707 831 1744 καί
858 1702 915 1752 ὥς
944 1706 1048 1745 λε’ων
1075 1704 1315 1758 μαχόμενος
1335 1708 1407 1748 καί
1432 1715 1593 1763 φωναῖς
1617 1707 1714 1759 τούς

361 1851 390 1872 ι.
415 1840 510 1882 νῆαν
534 1840 559 1873 Ρ
683 1841 716 1873 3.
742 1840 864 1888 ἑτέρου
889 1854 945 1875 om
970 1844 994 1875 P
1114 1844 1143 1876 5.
1171 1847 1233 1878 καὶ
1258 1857 1314 1877 om
1342 1846 1366 1878 P
1455 1859 1488 1892 9.
1515 1849 1711 1892 τηλεβόλων

357 1889 421 1920 καὶ
447 1887 709 1932 τηλεβολίσκων
743 1888 767 1919 Ρ
848 1900 896 1921 ιο.
925 1890 1087 1930 ἐξώσατο
1112 1892 1135 1923 P
1242 1894 1293 1926 18.
1318 1892 1497 1940 συρρᾶξαι
1521 1896 1556 1935 Ρ,
1582 1895 1710 1928 omisso

357 1932 483 1970 αὐτοῖς
575 1944 631 1966 20.
659 1935 854 1974 ναυτίλους
876 1937 899 1969 Ρ
1007 1947 1062 1969 22.
1090 1938 1324 1983 ῳλτιτανέλας
1345 1940 1370 1972 Ρ
1489 1942 1544 1975 23.
1570 1944 1634 1976 καὶ
1661 1941 1711 1981 ὥς

356 1981 450 2016 λέων
470 1979 685 2028 μαχόμενος
710 1992 767 2013 om
790 1981 816 2013 P

262 2111 332 2144 qua
366 2100 477 2132 classe
513 2111 619 2133 naves
656 2112 729 2134 non
755 2112 888 2145 paucae
913 2114 991 2135 eum
1016 2103 1168 2145 laetitia,
1201 2110 1449 2150 tympanorum
1477 2112 1514 2140 et
1538 2119 1710 2143 cornuum

261 2147 426 2191 strepitu,
450 2147 598 2180 incitato
615 2159 729 2186 cursu,
755 2154 878 2181 contra
893 2149 1068 2191 feruntur,
1094 2152 1195 2184 nulio
1213 2153 1336 2185 labore
1359 2164 1417 2186 eas
1435 2166 1540 2188 naves
1558 2167 1578 2188 a
1596 2166 1633 2188 se
1649 2156 1711 2189 in-

257 2198 457 2238 terceptum
473 2194 514 2226 iri
541 2194 718 2238 opinatae.
743 2207 852 2239 quum
866 2198 1215 2243 appropinquassent
1230 2205 1265 2231 et
1282 2211 1436 2243 pugnam
1453 2203 1711 2236 commisissent

259 2239 471 2280 iaculando,
506 2241 669 2285 inprimis
693 2242 957 2286 imperatoriam
982 2256 1107 2278 navem
1140 2245 1328 2290 superbius
1353 2247 1471 2280 adorti
1489 2254 1591 2291 sunt,
1615 2261 1707 2294 quae

259 2292 379 2320 tamen
408 2298 468 2319 eos
493 2283 605 2331 primo
629 2287 766 2332 impetu
793 2289 943 2329 iaculis,
969 2292 1068 2332 telis,
1101 2294 1194 2325 saxis
1217 2293 1311 2325 male
1335 2295 1496 2339 excepit3
1523 2307 1705 2342 quumque

257 2334 373 2377 proris
399 2345 475 2366 eam
499 2333 703 2376 subiissent,
731 2335 787 2367 iili
818 2347 878 2369 eos
903 2337 1042 2371 eminus
1069 2339 1153 2372 ollis
1179 2339 1260 2382 igne
1277 2339 1413 2374 Graeco
1437 2341 1530 2374 hene
1556 2344 1706 2388 repletis

257 2385 367 2424 atque
392 2381 485 2413 saxis
508 2381 780 2425 prohibuerunt,
805 2393 930 2427 inagna
945 2384 982 2416 iu
1009 2396 1069 2417 eos
1086 2392 1202 2429 strage
1218 2386 1325 2420 edita.
1343 2399 1408 2421 nos
1425 2388 1512 2422 haec
1538 2389 1584 2422 de
1605 2401 1706 2424 moe-

255 2426 362 2459 nibus
386 2433 609 2472 spectantes,
635 2428 703 2462 deo
727 2440 850 2473 preces
877 2430 1108 2473 faciebamus,
1135 2438 1175 2465 ut
1200 2433 1357 2477 ipsorum
1385 2437 1569 2481 nostrique
1593 2437 1705 2471 mise-

257 2479 405 2507 reretur.
421 2474 587 2507 similiter
600 2487 745 2516 ameras,
763 2487 856 2522 equo
873 2477 1047 2519 insidens,
1065 2490 1083 2511 e
1101 2479 1221 2520 litore,
1237 2492 1327 2524 quae
1344 2481 1489 2524 fiebant,
1505 2483 1705 2528 prospicie-

255 2518 328 2552 bat.
357 2521 498 2566 iamque
524 2522 667 2555 tertium
689 2523 900 2564 iaculantur,
928 2523 1093 2570 fastuque
1109 2526 1239 2570 turgidi
1259 2533 1294 2560 et
1314 2539 1440 2572 magno
1462 2529 1616 2563 clamore
1641 2542 1703 2565 eos
1771 2547 1779 2571 ι

254 2566 439 2601 invadunt.
468 2574 505 2602 at
529 2569 700 2609 naucleri,
727 2570 997 2614 gubernatores,
1023 2572 1195 2606 nauarchi
1224 2574 1320 2606 virili
1345 2575 1466 2609 animo
1492 2582 1530 2610 et
1554 2576 1702 2611 robusto

252 2618 399 2655 pectore
427 2619 580 2656 stantes,
605 2622 732 2649 nautas
757 2616 989 2650 cohortantur
1018 2618 1061 2651 ad
1086 2626 1235 2652 mortem
1264 2622 1359 2654 vitae
1387 2624 1700 2667 anteponendam,

252 2658 415 2702 inprimis
450 2661 700 2706 imperatoriae
732 2665 831 2697 navis
866 2665 1084 2706 nauarchus,
1122 2666 1374 2701 Phlantanelas
1399 2670 1565 2711 nomine,
1592 2671 1699 2716 quie

250 2706 364 2751 puppi
388 2706 433 2739 ad
459 2719 599 2752 proram
623 2711 820 2755 processit,
856 2711 972 2746 leonis
997 2713 1108 2747 instar
1135 2713 1320 2749 decertans
1353 2721 1391 2750 et
1419 2716 1576 2763 reliquos
1601 2718 1698 2755 voci-
