1806 3190
267 1198 304 1240 ίμ

354 190 371 224 ι
385 169 455 234 84
756 179 979 222 Gitone-11
1024 171 1343 217 PHRANTZAE

343 299 480 338 ροντες
507 280 631 336 ἄλλης
657 282 770 327 ἰδέας
796 277 1010 328 ἐνδύματα
1039 274 1148 314 πάνυ
1179 270 1370 322 ποικίλα,
1401 267 1665 319 λατρεύοντες
1695 269 1773 310 mi·

340 349 410 391 τὸν
437 351 524 401 μετ’
557 347 774 398 ειῖλαβείας
801 340 924 394 τάχα.
973 338 1212 392 ἔμπροσθεν
1237 337 1283 377 δὲ
1311 337 1383 389 τῆς
1413 333 1602 388 πρύμνης
1631 332 1772 376 ἵστατο

341 411 488 468 ἷίρθιόν
506 429 543 454 τι
561 409 617 460 ὦς
637 412 796 458 στῦλος,
824 402 985 447 ἄνωθεν
1007 405 1052 445 δὲ
1073 405 1149 444 τοῦ
1166 399 1319 443 στύλον
1341 401 1497 442 ἐκείνου
1516 397 1574 447 ὥς
1589 398 1773 452 τράπεζα

339 479 603 532 τετράγωνος,
629 472 871 527 ὀλιγώτερον
898 471 1068 524 ὀργυιᾶς
1086 469 1213 520 μιᾶς·
1245 465 1384 508 ἐπάνω
1404 467 1448 506 δὲ
1477 466 1549 518 τῆς
1567 464 1774 518 τραπέζης

339 545 493 596 ἐκείνης
506 540 609 595 α’νῆρ
626 539 765 581 ἵστατο
784 535 1037 586 ὦπλισμένος
1060 533 1140 574 α’πὸ
1160 535 1299 574 ποδῶν
1322 534 1399 580 ἕως
1410 532 1607 586 κεφαλῆς,
1621 525 1806 582 dated-5

339 624 451 650 πτων
479 607 534 654 ὥς
567 603 704 660 ἥλιος,
736 603 898 657 κρατῶν
926 601 971 642 δὲ
1004 598 1076 640 καί
1102 599 1300 654 ἀριστερᾷ
1331 596 1467 638 αὑτοῦ
1492 594 1620 638 ὅπλον
1645 598 1773 652 φοβε-

337 674 430 728 ρόν·
459 672 573 727 δεξιᾷ
602 671 648 711 δὲ
676 668 748 711 καί
777 668 980 721 ἀριστερᾷ
1001 664 1130 706 adro&
1156 664 1358 717 ἐκάθηντο
1380 662 1456 703 δύο
1484 663 1630 712 παῖδες
1656 658 1776 715 ἅγγε-

338 736 430 779 λικὰ
462 737 708 792 φοροῦντες,
755 732 827 774 καί
864 731 1066 784 πτερωτοί
1106 724 1213 782 ἦσαν
1243 727 1298 777 ὥς
1329 723 1506 783 ἄγγελοι.
1561 725 1635 768 καί
1659 721 1774 767 οὗτοι

337 804 411 843 ov‘x
440 804 484 844 ἐν
522 802 752 856 φαντασίᾳ,
799 800 887 840 ἀλλ’
934 793 1102 850 ἀληθῶς
1133 790 1350 848 ἄνθρωποι
1380 789 1487 849 ἦσαν
1527 790 1772 846 κινούμενοι.

336 870 408 909 καί
435 864 509 908 δύο
550 867 707 913 λέοντες
750 860 857 918 ἦσαν
888 865 932 905 ἐν
959 864 1009 917 τῇ
1037 858 1201 917 πρύμνῃ
1231 866 1409 915 χρυσοῖ,
1440 860 1511 900 καί
1537 860 1665 911 μέσον
1694 854 1806 905 ati-1

336 935 419 974 τῶν
449 930 567 979 ἀετὸς
597 932 830 986 δικέφαλος,
861 930 933 970 καί
965 924 1070 968 ἄλλα
1103 930 1274 967 πλεῖστα
1303 924 1359 973 ὥς
1381 923 1677 981 φαντάσματα,
1703 923 1777 964 καί

337 994 443 1038 ἄλλα
472 995 565 1038 τινα
611 994 640 1037 ἃ
682 994 818 1043 οὐδεὶς
859 992 1038 1034 δύναται
1077 991 1219 1048 γραφῇ
1249 992 1543 1046 παραδοῦναι·
1612 985 1665 1044 ἦν
1690 987 1772 1044 γάρ

336 1061 446 1110 ὠκὺς
486 1061 594 1103 πάνυ
630 1058 656 1116 ἦ
685 1057 926 1114 τετραήρης,
959 1055 1015 1106 ὥς
1045 1059 1144 1099 ποτὲ
1174 1059 1253 1109 μὲν
1284 1055 1522 1111 ἔμπροσθεν
1549 1056 1621 1109 τῆς
1648 1059 1774 1107 βασι..

337 1130 452 1181 λικῆς
498 1126 696 1181 τριήρεως
730 1127 826 1166 ποτὲ
871 1125 916 1164 δὲ
951 1123 1161 1176 πλαγίως,
1202 1123 1276 1163 καί
1310 1121 1533 1175 ἐπορεύετο
1560 1119 1775 1162 κύκλωθεν

334 1191 441 1245 μετὰ
476 1192 719 1244 α’λαλαγμοῦ
747 1191 817 1231 καί
847 1190 1083 1241 σαλπίγγων
1112 1189 1288 1229 πολλῶν.
1347 1189 1468 1242 ἕτερα
1501 1189 1547 1228 δὲ
1576 1183 1805 1239 πλοιάριαι

335 1257 408 1298 καί
432 1254 599 1305 ὁλκάδες
630 1253 779 1309 ἦλθον,
810 1249 867 1295 ὧν
896 1255 970 1294 οὐκ
998 1249 1049 1307 ἦν
1078 1253 1283 1308 ἀριθμός·
1354 1253 1416 1302 ὥς
1443 1249 1652 1295 ἀδύνατόν
1681 1268 1775 1294 τινα

338 1322 571 1376 ἀριθμῆσαι
599 1318 735 1374 ἄστρα
765 1321 948 1375 ου’ρανοῦ
979 1322 1051 1361 καί
1085 1319 1224 1374 φύλλα
1259 1320 1440 1374 δένδρων
1469 1313 1496 1372 ἢ
1527 1313 1667 1371 ἄμμον
1693 1321 1774 1359 θα-

336 1382 537 1442 λάσσηςῆ
564 1385 751 1438 ψεκάδας
775 1386 909 1437 ὑετοῦ,
941 1382 1047 1426 οὕτω
1071 1386 1239 1427 κάκεῖνα
1268 1385 1511 1440 ἀριθμῆσαί
1531 1400 1592 1433 τις
1621 1384 1672 1424 οὔ
1701 1382 1775 1425 δυ’-

334 1469 470 1494 ναται.
525 1453 597 1493 καί
621 1451 687 1493 ἵνα
717 1450 772 1506 μὴ
802 1450 932 1493 πολλοὶ
963 1453 1068 1505 λέγω
1102 1453 1173 1491 καί
1200 1452 1480 1504 διαλέγωμαι,
1512 1447 1603 1491 ἰδού
1646 1465 1774 1505 προσ.

335 1515 498 1571 ήγγισεν
536 1514 557 1558 ὃ
593 1516 694 1567 δούξ
721 1519 770 1573 τῇ
798 1516 992 1572 βασιλικῇ
1019 1514 1176 1571 τριήρει
1207 1515 1314 1569 μετὰ
1343 1517 1417 1570 τῆς
1443 1517 1662 1570 γερουσίας
1693 1514 1803 1560 αὖοι·

332 1582 434 1633 τοῦ,
460 1584 532 1624 καί
557 1582 744 1624 α’νελθών
786 1582 1070 1636 έπροσκύνησε
1111 1580 1185 1623 τὸν
1223 1583 1400 1634 βασιλέα
1439 1579 1677 1635 καθήμενον
1704 1579 1776 1623 ε’πὶ

332 1645 512 1700 θρόνου,
555 1642 612 1689 ὢν
639 1649 684 1688 ἐκ
714 1649 856 1698 δεξιῶν
899 1648 1032 1689 αὐτοῦ
1061 1646 1083 1688 ὅ
1110 1646 1472 1703 ἀδελφὸςαῦτοῦ,
1501 1646 1558 1695 ὥς
1585 1645 1776 1702 εἴρηται,
1805 1651 1806 1662 ³

334 1711 564 1768 καθήμενος
604 1711 832 1768 κατώτερον
869 1714 945 1755 τοῦ
981 1715 1203 1766 βασιλικοῦ
1243 1710 1408 1768 θρόνου.
1481 1715 1660 1762 καθίσας
1698 1706 1774 1754 οὖν

425 1830 458 1872 4.
486 1826 708 1875 ὀλιγώτερον
731 1831 825 1863 omP
942 1831 974 1863 8.
1002 1829 1216 1877 φοροῦντες]
1244 1830 1484 1878 ἐνδεδυμένοι
1507 1829 1534 1863 Ρ
1656 1829 1706 1874 »4-
1733 1829 1782 1878 ἐκ

422 1876 592 1921 πλαγίων
613 1877 704 1912 ποτὲ
729 1877 768 1912 δὲ
792 1876 980 1913 κύκλωθεν
1005 1877 1199 1922 ἐπορεύετο
1224 1877 1248 1909 Ρ

334 1987 417 2020 dum
444 1988 656 2021 vestimenta
680 1987 868 2033 gestabant
895 2000 1050 2035 eumque
1068 2000 1195 2034 magna
1219 2001 1297 2022 cum
1323 1988 1522 2022 reverentia
1548 1986 1774 2022 veneraban-

332 2040 399 2067 tur.
437 2040 520 2068 ante
556 2035 704 2080 puppim
729 2036 899 2079 quiddam
921 2037 1106 2070 columnae
1146 2037 1258 2069 instar
1282 2041 1437 2068 erectum
1461 2034 1590 2076 stabat,
1615 2045 1774 2067 mensam

331 2079 542 2124 quadratam
571 2082 689 2126 orgyia
715 2082 898 2127 aliquanto
935 2084 1108 2116 minorem
1141 2084 1342 2123 sustinens,
1377 2083 1434 2115 cui
1458 2081 1651 2115 insistebat
1675 2087 1773 2114 cata-

330 2126 519 2171 phractus,
550 2128 661 2161 instar
699 2129 782 2161 solis
811 2141 998 2171 coruscus,
1032 2131 1174 2163 sinistra
1202 2129 1360 2174 gladium
1386 2135 1514 2162 tenens
1538 2127 1774 2161 horribilem:

332 2172 379 2205 ad
403 2173 563 2206 dextram
588 2175 840 2220 sinistramque
867 2176 938 2208 duo
976 2178 1079 2221 pueri
1104 2178 1141 2209 in
1170 2177 1379 2220 angelorum
1403 2175 1549 2208 modum
1578 2174 1708 2214 induti,
1734 2180 1772 2208 et

329 2220 428 2260 alati,
454 2221 545 2253 sicut
580 2222 719 2266 angeli,
745 2223 999 2264 considebant,
1041 2224 1102 2268 qui
1130 2235 1202 2256 non
1227 2223 1379 2267 imagine
1404 2221 1530 2263 efficti,
1553 2221 1617 2254 sed
1648 2232 1770 2254 revera

327 2264 490 2300 homines
513 2273 614 2301 erant
636 2268 949 2315 movebanturque.
978 2270 1013 2302 in
1036 2271 1150 2315 puppi
1176 2271 1261 2303 item
1282 2269 1353 2302 duo
1382 2269 1506 2302 leones
1531 2268 1630 2301 aurei
1655 2273 1768 2309 erant,

328 2318 365 2345 et
389 2314 481 2346 inter
507 2313 572 2347 hos
597 2315 716 2359 aquila
745 2315 889 2361 biceps;
915 2322 951 2349 et
967 2317 1038 2349 alia
1066 2317 1217 2362 plurima
1244 2316 1430 2348 simulacra
1457 2316 1601 2360 aliaque
1627 2321 1769 2359 specta-

327 2359 426 2399 cula,
453 2371 544 2404 quae
571 2360 771 2394 describere
805 2374 909 2395 nemo
934 2364 1057 2407 possit.
1097 2364 1321 2396 velocissima
1349 2363 1442 2395 enim
1466 2363 1555 2395 haec
1579 2362 1769 2406 quadrire-

324 2406 390 2437 mis
414 2411 499 2447 erat,
526 2412 563 2440 et
584 2419 680 2441 nunc
713 2409 977 2454 imperatoriam
1021 2410 1200 2443 triremem
1234 2409 1489 2450 antecedebat,
1515 2419 1610 2441 nunc
1638 2409 1676 2441 in
1702 2407 1770 2442 ob-

325 2451 462 2495 liquum
487 2453 660 2495 currebat,
689 2461 725 2488 et
755 2467 834 2488 cum
858 2456 962 2490 laetis
987 2456 1305 2490 vociferationibus
1329 2455 1571 2500 tubarumque
1597 2454 1773 2500 frequen-

325 2498 413 2530 tium
436 2499 595 2533 cantibus
622 2501 658 2533 in
677 2502 798 2534 orbem
827 2513 865 2535 se
888 2502 1026 2546 agebat.
1056 2509 1275 2544 ceterorum,
1304 2514 1397 2548 quae
1423 2501 1673 2543 adveniebant,
1700 2513 1767 2534 na-

324 2544 494 2586 vigiorum
522 2547 788 2593 acatiorumque
803 2549 965 2582 infinitus
989 2561 1157 2583 numerus
1176 2556 1268 2583 erat:
1294 2561 1388 2594 quae
1416 2560 1489 2582 non
1514 2549 1638 2592 magis,
1658 2559 1767 2593 quam

325 2590 443 2623 stellas
468 2593 578 2634 coeli,
603 2600 664 2627 aut
690 2594 778 2627 folia
807 2595 996 2636 arborum,
1023 2602 1083 2630 aut
1108 2608 1251 2629 arenam
1275 2597 1404 2637 maris,
1430 2601 1493 2628 aut
1517 2595 1660 2641 pluviae
1683 2600 1765 2638 gut-

324 2640 376 2667 tas
397 2648 605 2672 numerares.
633 2640 716 2682 sed,
744 2653 789 2674 ne
811 2642 938 2686 longus
963 2643 1039 2683 sim,
1068 2643 1141 2675 dux
1166 2644 1210 2676 ad
1242 2643 1507 2688 imperatoriam
1534 2652 1659 2675 navem
1683 2652 1764 2675 cum

323 2687 446 2734 senatu
470 2686 625 2726 accessit,
651 2698 719 2731 qua
743 2699 933 2721 conscensa
955 2688 1207 2733 imperatorem
1233 2691 1270 2724 in
1295 2690 1386 2722 solio
1412 2689 1596 2722 sedentem
1621 2687 1758 2728 adorat,

323 2737 379 2761 cul
406 2728 550 2772 dextra,
578 2732 806 2778 imperatorio
832 2735 922 2769 solio
947 2736 1055 2781 paulo
1084 2737 1232 2770 inferior
1248 2763 1257 2777 ‚
1285 2743 1323 2770 ut
1348 2737 1520 2777 diximus,
1546 2735 1653 2769 stater
1678 2734 1784 2768 eius»
