1806 3190
306 128 336 184 5
352 149 368 182 ι
384 148 414 183 2
707 143 924 185 lOANNIS
964 142 1328 184 ANAGNOSTAE

409 243 472 287 ιε’.
535 240 699 285 Τούτων
729 240 837 284 οὕτω
866 241 1177 296 κεχωρηκότων,
1208 246 1280 283 καί
1293 239 1370 284 ὅσα
1401 238 1453 284 ἄν
1479 259 1540 292 τις
1569 243 1613 284 ἐκ
1641 242 1739 284 τοῦ-

298 329 380 355 των
410 307 650 356 ἀκολούθως
681 305 883 349 εἰκάσειεν
900 306 1034 360 ἕτερα,
1066 307 1139 348 καί
1164 311 1302 349 πᾶσαν
1330 307 1406 363 τὴν
1437 309 1552 350 λείαν
1579 310 1624 350 έν
1649 312 1740 358 ταῖς

299 381 470 432 σκηναῖς
496 369 815 426 συναγηοχότων
854 375 938 414 τῶν
972 371 1191 426 Τοόρκων,
1221 372 1243 414 ὅ
1271 375 1342 427 τῆς
1376 371 1534 422 δύσεως
1561 389 1742 427 στρατη-

299 443 372 498 γὸς
401 444 472 483 καί
497 435 623 487 αὖθις
652 437 728 492 τὴν
755 438 875 480 πόλιν
903 439 1055 491 εἰσεδυ,
1085 438 1238 494 ταύτην
1266 441 1318 481 ἵν’
1346 436 1638 493 ἀκριβέστερον
1667 454 1744 479 κα·

304 505 564 551 τοπτεόσωσι
593 505 664 545 καί
689 507 820 558 μηδὲν
841 503 994 552 αότούς
1014 503 1124 561 λα’θῃ
1154 503 1435 557 κρυπτόμενον
1465 503 1780 558 ὁπουδήποτε,5

303 570 374 615 ὅτε
407 570 456 627 δη
487 570 558 613 καὶ
599 571 647 612 τὰ
690 571 762 624 τῆς
802 569 960 618 πόλεως
997 565 1131 624 ἄρδην
1173 568 1337 612 ἅπαντα
1368 567 1571 626 ἠφάνιστό
1600 585 1646 611 τε
1673 571 1746 611 καί

305 640 601 691 οἷνατέτραπτο,
631 635 701 677 καὶ
734 635 856 677 οὐδὲν
885 631 975 676 οὕτε
1004 634 1100 683 ναὸς
1129 634 1241 689 ἱερός
1270 631 1363 677 οὔτε
1386 634 1488 690 μονὴ
1521 631 1606 677 οὔτ’
1633 637 1745 678 οἰκία

303 707 375 746 καί
410 706 493 745 τῶν
530 705 797 758 φαυλοτέρων
830 702 969 743 αὐτῶν
1006 698 1230 750 ἀσάλευτος
1274 704 1582 742 καταλέλειπτο.
1636 699 1683 742 τὸ
1709 701 1744 741 δ’

307 770 454 820 αἴτιον,
486 765 545 810 ὅτι
567 770 648 810 τῶν
677 770 857 809 πολιτῶν
885 764 972 809 ὅσοι
1000 770 1245 820 περιουσίαν
1272 769 1483 821 ἐκέκτηντο
1510 768 1568 823 τῷ
1597 767 1745 822 μακρῷ

305 836 566 892 συγκλεισμῷ
594 833 651 888 μη
671 836 996 888 δαπανηθεῖσαν,
1023 831 1099 888 την
1122 832 1273 887 ἔφοδον
1297 835 1380 874 τῶν
1407 834 1615 885 πολεμίων
1642 833 1743 886 α’κη-
1761 846 1806 872 ια

306 904 463 955 κοότες,
511 899 535 942 ὃ
583 898 842 942 πεπόνθεσαν
883 898 1084 950 δεδιότες,
1123 897 1160 939 οἱ
1203 900 1280 951 μὲν
1324 903 1435 947 ναοῖς
1463 896 1603 951 ἱεροῖς,
1633 895 1672 939 οἱ
1698 899 1746 938 δὲ
1788 951 1791 953 ⁴

305 969 541 1024 μνήμασιν,
571 968 706 1019 ἕτεροι
737 967 781 1007 δὲ
810 960 870 1014 οἷς
898 964 1094 1006 ἐδύναντο
1124 965 1267 1013 τόποις
1290 964 1540 1006 ἑναπέθεντο
1566 963 1744 1017 ταύτην,

307 1037 449 1088 εἰμὲν
468 1034 609 1081 αΰτοῖς
626 1035 774 1073 θανεῖν
803 1034 961 1084 γένοιτο
991 1028 1095 1071 κατὰ
1115 1028 1187 1083 τὴν
1204 1031 1467 1084 προσδοκιάν,
1500 1030 1581 1070 τῶν
1609 1026 1749 1070 ἔπειτα

304 1100 455 1156 ταύτην
480 1102 548 1142 ἵνα
578 1099 685 1147 τινὲς
713 1097 957 1152 εὑρηκότες,
1002 1092 1069 1138 οἷα
1098 1099 1345 1150 συμβαίνει,
1373 1097 1445 1150 τῆς
1471 1096 1635 1137 ἐκείνων
1661 1105 1748 1146 ψυ-

305 1170 385 1222 χῆς
413 1164 822 1220 ὖπεραγωνίσωνται,
852 1164 891 1204 εἰ
919 1164 963 1204 δὲ
989 1161 1061 1204 τὸν
1078 1163 1258 1204 θάνατον
1287 1160 1562 1217 α’ποφύγοιεν,
1592 1157 1806 1215 εὗρωσίιὲ

307 1249 351 1275 τε
380 1232 453 1274 καί
478 1229 718 1285 χρήσωνται
744 1228 846 1282 πρὸς
875 1229 1134 1282 ἐλευθερίαν,
1190 1226 1228 1269 οἱ
1258 1229 1303 1270 δὲ
1330 1230 1403 1281 τῆς
1430 1228 1594 1275 ἐλπίδος
1621 1224 1750 1279 ἑψειί-
1804 1248 1806 1250 -

226 1311 292 1345 353
308 1302 497 1354 σθησαν·
569 1293 737 1343 ἁλόντες
775 1292 854 1348 γὰρ
891 1294 968 1334 τοῦ
1003 1294 1080 1345 μὲν
1111 1294 1264 1342 α’δίκως
1306 1293 1519 1345 τεθνάναι,
1547 1293 1652 1333 θεοῦ
1678 1290 1752 1334 τὸν

307 1367 455 1407 οἰκεῖον
494 1360 607 1405 ἔλεον
636 1363 975 1413 ἐπιδειξαμένου,
1006 1357 1112 1413 πλην
1142 1361 1275 1412 ἐνίων,
1299 1361 1498 1401 κιῖκείνων
1525 1359 1623 1399 οἵων
1650 1372 1753 1411 προ-

307 1430 621 1486 διειλήφειμεν,
653 1425 851 1479 ἀνώτεροι
882 1427 1203 1480 διεδείχθημεν,
1247 1427 1326 1466 τοῦ
1361 1427 1406 1466 δὲ
1437 1431 1520 1474 τοῖς
1547 1424 1752 1479 προσοῦσι

306 1497 552 1551 χρήσασθαι
593 1491 699 1548 πρὸς
726 1490 960 1547 α’νάρρυσιν
988 1486 1064 1531 οὐκ
1095 1493 1310 1544 ἐπέτυχον.
1367 1491 1497 1532 δεινοί
1522 1488 1604 1544 γὰρ
1635 1484 1806 1539 ὅντεςις

310 1561 349 1604 οἱ
381 1563 555 1616 Τοῢρκοι
599 1561 672 1601 καί
705 1556 810 1613 πρὸς
846 1559 1029 1606 ἐπινοίας
1072 1556 1226 1606 πολλάς
1267 1554 1551 1611 εὖποριότατοι
1578 1557 1631 1612 τῇ
1657 1556 1754 1608 περί

319 1625 371 1670 τὰ
412 1626 633 1681 πράγματα
670 1623 828 1666 τούτων
868 1625 1139 1679 πολυπειρία,
1179 1621 1252 1670 οὒς
1286 1624 1368 1663 τῶν
1406 1622 1585 1663 πολιτῶν
1613 1618 1754 1674 ἐποίη-

1799 1665 1806 1693 ὲ

309 1709 387 1737 σαν
415 1691 712 1748 αἰχμαλώτους
730 1721 742 1745 ,
783 1686 855 1731 καί
879 1686 1064 1742 μάλιστα
1102 1686 1178 1737 τοὶς
1206 1693 1403 1742 γυναῖκας
1431 1685 1500 1729 διὰ
1527 1686 1574 1728 τὸ
1599 1686 1752 1728 τούτων
1797 1696 1806 1749 ξ

1803 1755 1806 1768 l

409 1806 461 1839 16.
514 1803 552 1838 οἳ
575 1800 644 1846 diff?
736 1811 794 1843 21,
823 1799 1033 1847 ἀνάρρησιν
1060 1800 1101 1845 Α.

411 1918 462 1951 15.
511 1917 607 1950 Haec
631 1927 711 1948 cum
736 1915 787 1948 ita
814 1919 1004 1959 agerentur
1041 1919 1098 1954 et,
1134 1917 1174 1945 ut
1199 1912 1376 1957 quispiam
1402 1923 1445 1946 ex
1469 1911 1524 1945 his
1548 1911 1752 1945 coniectura
1790 1951 1792 1953 r

314 1970 585 2010 assequeretur,
611 1963 682 1995 alia
709 1967 815 2007 atque
841 1962 934 2001 alia,
971 1966 1008 1993 et
1032 1961 1101 1992 iam
1126 1960 1323 1992 universam
1360 1959 1527 2004 praedam
1551 1959 1690 1992 Tureae
1714 1959 1753 1991 in

314 2013 472 2047 tentoria
514 2010 770 2049 deduxissent,
805 2008 877 2041 dux
907 2007 1100 2041 occidentis
1137 2018 1254 2039 rursus
1276 2007 1398 2039 urbem
1422 2007 1611 2049 immigrat,
1646 2016 1752 2038 accu-

316 2061 427 2094 ratius
453 2070 530 2092 eam
555 2058 799 2100 inspecturus,
838 2055 978 2088 nihilne
1004 2054 1192 2094 occultum,
1221 2053 1425 2086 ubicunnue
1449 2052 1541 2086 illud
1567 2057 1670 2093 esset,
1697 2051 1754 2086 la·
1790 2070 1792 2072 v

316 2111 420 2141 teret.
469 2106 519 2139 sic
539 2104 636 2136 urbis
661 2102 765 2135 rebus
789 2103 961 2135 universis
989 2101 1107 2133 recisis
1145 2106 1182 2133 et
1206 2099 1251 2132 ad
1275 2100 1428 2133 nihilum
1457 2100 1609 2132 redactis
1634 2098 1753 2140 nihil,

315 2164 435 2198 neque
471 2152 645 2196 templum
668 2161 804 2183 sacrum
839 2160 957 2194 neque
981 2149 1243 2187 monasterium,
1268 2158 1387 2192 neque
1417 2146 1541 2179 domus
1567 2146 1672 2180 etiam
1695 2145 1756 2179 vi-
1783 2166 1792 2189 ‘·.

317 2201 472 2240 lissima,
499 2199 707 2231 inconeussa
738 2196 915 2229 remansit.
966 2200 1001 2228 et
1025 2206 1132 2227 causa
1159 2194 1246 2226 haec
1270 2194 1348 2227 fuit.
1379 2205 1422 2226 ex
1446 2193 1579 2226 civibus
1605 2193 1668 2238 qui
1694 2191 1755 2225 di-

317 2248 414 2282 vitiis
450 2246 592 2291 aliaque
627 2243 876 2288 suppellectile
911 2242 1123 2282 affluebant,
1163 2252 1250 2286 quas
1285 2241 1389 2284 longa
1422 2240 1562 2273 obsidio
1591 2251 1667 2272 non
1689 2239 1755 2271 ab-

318 2299 527 2338 sumpserat,
551 2291 672 2324 audita
701 2290 858 2323 hostium
884 2289 1092 2332 irruptione,
1120 2294 1156 2320 et
1172 2287 1268 2333 quod
1285 2287 1444 2332 perpessi
1463 2293 1545 2320 sunt
1567 2287 1755 2331 pertimes—

319 2347 451 2382 centes,
480 2340 539 2372 alii
568 2339 606 2371 in
634 2339 739 2371 saeris
765 2337 920 2381 templis,
944 2336 1007 2367 alii
1035 2336 1073 2367 in
1102 2334 1309 2379 sepulchris,
1340 2335 1399 2366 alii
1425 2334 1505 2367 aliis
1529 2333 1658 2378 quibus
1687 2343 1755 2378 po-

318 2393 437 2423 terant
461 2387 551 2419 locis
575 2397 637 2418 sua
665 2394 875 2429 reposuere,
910 2388 950 2415 ut
973 2382 1003 2415 si
1035 2382 1125 2416 forte
1155 2382 1240 2426 ipsis
1266 2393 1357 2414 mors
1380 2381 1604 2425 contigisset,
1628 2386 1668 2414 ut
1691 2391 1755 2413 ex-

319 2434 554 2480 spectabatur,
579 2433 641 2477 qui
659 2430 887 2477 postmodum
911 2430 1050 2462 venturi
1069 2435 1181 2469 erant,
1206 2427 1278 2460 illis
1305 2429 1465 2472 repertis,
1491 2433 1529 2461 ut
1546 2428 1622 2460 fieri
1648 2432 1754 2465 amat,

318 2493 383 2527 pro
409 2493 529 2513 eorum
555 2481 673 2512 anima
697 2477 838 2523 aliquid
862 2481 1088 2518 accurarent3
1114 2477 1142 2508 si
1171 2480 1319 2507 mortem
1347 2476 1561 2519 effugissent,
1593 2474 1661 2518 ipsi
1685 2474 1756 2506 sibi

319 2529 506 2567 haberent,
531 2533 568 2560 et
592 2526 696 2558 liberi
723 2526 807 2558 facti
831 2525 870 2557 in
897 2533 977 2556 suos
995 2534 1076 2554 usus
1108 2528 1365 2555 converterent.
1415 2521 1478 2554 sed
1501 2532 1562 2566 spe
1591 2532 1653 2553 sna
1679 2520 1755 2553 fru-

321 2575 421 2609 strati
445 2580 539 2615 sunt,
568 2573 663 2618 capti
680 2571 858 2617 siquidem
881 2570 1049 2602 iniustam
1074 2574 1222 2601 mortem
1243 2574 1414 2613 oppetere
1441 2568 1496 2601 dei
1523 2579 1658 2600 summa
1685 2568 1758 2599 mi·-

322 2622 510 2661 seratione,
533 2620 655 2665 paucis
673 2620 842 2663 exceptis,
871 2622 911 2649 ut
928 2627 1031 2660 supra
1053 2616 1283 2656 narravimus,
1306 2616 1495 2656 evasimus3
1521 2614 1584 2648 sed
1603 2614 1756 2659 propriis

320 2670 375 2704 uti
401 2668 562 2701 libertati
595 2667 767 2700 restitutis
792 2676 867 2698 non
889 2663 1049 2707 contigit.
1109 2663 1247 2695 Turcae
1276 2663 1382 2702 enim,
1409 2663 1558 2695 solertes
1582 2673 1659 2693 cum
1686 2661 1758 2694 sint
1782 2675 1784 2702 2

323 2721 362 2750 et
384 2715 430 2748 ad
451 2713 668 2751 invenienda
692 2713 816 2753 multa,
842 2722 958 2745 rerum
978 2720 1082 2756 quam
1099 2709 1286 2755 possident
1309 2709 1540 2755 experientia,
1563 2709 1758 2754 promptis-
