1806 3190
289 107 405 172 488
707 120 925 159 10ANN15
966 118 1332 158 Amouos'rAE

287 223 428 279 ἐκείνῳ
452 220 727 275 γεγενημένη,
770 215 926 270 βλάβος
974 218 1010 258 δ’
1040 216 1140 270 ἡμῖν
1179 217 1454 270 ἑπενεγκοῦσα
1494 215 1624 269 πολύ,
1654 219 1734 258 τῶν

285 287 446 331 ἐκείνου
489 286 612 328 λιτῶν
641 283 746 337 πρὸς
774 282 875 324 θεὸν
911 286 1198 337 στερηθεῖσιν,
1245 278 1312 330 αἷς
1352 279 1610 334 ὲσωζόμεθα.
1666 279 1733 323 ὅτι

286 356 334 396 δὲ
363 352 468 394 κατά
497 354 619 392 θείαν
644 345 749 403 αὕτη
780 349 982 403 βούλησιν
1006 345 1069 403 ἦν,
1099 343 1222 389 ἄκουε
1251 351 1324 390 τοῦ
1343 349 1542 404 φανέντος
1568 349 1624 406 τῷ
1650 365 1732 400 μα·

284 422 417 476 καρίῳ
460 413 643 469 περιόντι
683 418 772 455 κατ’
813 409 914 468 ὄναρ
944 415 1097 471 ἐκείνῳ.
1155 412 1270 463 ἔδοξε
1297 413 1377 468 πρὸ
1408 417 1486 455 τοῦ
1510 412 1582 468 τὴν
1611 413 1732 455 πόλιν

284 487 342 541 τῷ
371 488 536 538 πολέμῳ
565 483 777 536 ληφθῆναι
809 476 921 520 οἶκόν
939 497 1030 521 τινα
1061 479 1250 533 λαμπρὸν
1277 482 1449 521 εἰσιέναι
1470 481 1541 520 καί
1568 484 1769 531 nuilus-5

284 554 401 604 γέθη,
435 552 699 601 περισκοπεῖν
731 562 773 587 τε
804 545 936 587 acui»
967 545 1068 587 κατά
1088 547 1216 599 μέρος
1245 545 1316 586 καί
1335 545 1572 597 θαυμάζειν
1602 545 1732 586 αὐτοῦ

206 625 271 668 324
289 614 333 657 τό
365 632 405 657 τε
437 612 582 662 κάλλος
612 613 684 653 καί
711 614 915 665 μέγεθος,
964 613 1008 653 ἑν
1044 608 1179 668 τούτῳ
1228 612 1263 651 δ’
1294 606 1382 652 ὄντι
1412 609 1554 667 φωνὴν
1580 609 1735 662 ἔξωθεν

284 683 508 736 ἐνεχθῆναι
529 681 730 732 λέγουσαν
750 677 801 718 “ὄ
819 680 896 730 μὲν
916 674 1024 725 οἶκος
1041 673 1177 726 οὗτος,
1209 672 1259 718 οὗ
1287 675 1336 718 τά
1367 681 1463 718 καθ’
1491 675 1671 728 ἕκαστον,
1698 671 1735 717 «3

286 747 486 797 δέσποτα,
508 744 566 793 ὥς
584 746 676 785 λιάν
693 743 863 798 λαμπρά
885 742 954 783 και1
972 742 1109 797 ὡραῖα
1129 740 1363 795 θαυμάζεις
1379 744 1638 796 περιαθρῶν,
1667 744 1735 783 πί-

285 828 381 853 πτει
408 809 454 852 τὸ
486 810 639 864 τάχος,
667 812 739 851 καί
778 812 845 850 ἵνα
884 808 942 862 μή
971 825 1018 849 σε
1060 805 1229 864 καλύψῃ
1267 806 1423 862 πεσών,
1451 807 1561 858 ἔξιθι
1588 805 1734 850 τούτου
1754 828 1796 854 ιο

285 877 485 931 ταχέως.”
554 872 688 924 οὕτως
717 871 829 927 εἶχεν
868 873 892 929 ἦ
934 870 1058 926 ὄψις,
1088 874 1161 915 καί
1197 876 1255 923 εἰς
1294 872 1414 929 ἔργον
1453 870 1547 929 ἧκεν
1575 874 1651 916 ουἰι
1677 876 1737 922 εἰς

285 941 465 997 μακράν.
523 943 676 990 ἐκεῖνος
703 942 782 993 μὲν
811 939 905 995 γάρ,
936 941 1003 981 ἵνα
1029 940 1225 996 ἀναφανῇ
1244 942 1402 988 δίκαιος
1429 943 1503 981 καί
1526 942 1611 982 τῶν
1638 944 1737 982 πολ·

288 1011 372 1051 λῶν
400 1009 471 1062 τῆς
503 1007 656 1061 ἀρετῆς
684 1007 842 1047 ἐκείνου
885 1005 1084 1058 καμάτων
1111 1007 1218 1062 λάβῃ
1247 1005 1322 1054 τάς
1350 1006 1598 1059 ἀντιδόσεις,
1630 1006 1738 1048 εἰκό-

289 1091 369 1123 τως
393 1071 502 1115 οῧτω
532 1073 605 1115 καί
629 1070 710 1127 πρὸ
741 1074 815 1126 τῆς
843 1074 982 1127 κοινῆς
1007 1075 1246 1128 συμφορᾶς,
1288 1070 1392 1127 πρὸς
1421 1070 1469 1114 ὃν
1495 1069 1642 1114 ἐπόθει
1666 1071 1739 1114 κύ-

291 1155 384 1194 ριον
423 1140 690 1194 ἐξεδήμησεν.
768 1135 818 1178 οὗ
845 1136 926 1191 γάρ
958 1139 1118 1179 δίκαιον
1160 1140 1281 1179 τοῦτο
1307 1137 1420 1191 παρά
1452 1141 1539 1195 θεῷ
1562 1139 1802 1194 κέκριτο,15

291 1205 495 1248 τοιούτων
539 1208 608 1245 ἵνα
649 1206 788 1246 κακῶν
826 1210 974 1257 πεῖραν
1011 1205 1095 1260 σχῇ
1139 1203 1211 1245 καί
1245 1203 1474 1262 κοινωνήσῃ
1515 1207 1600 1246 τῶν
1638 1203 1741 1247 ἴσων

292 1272 395 1325 ἡμῖν
412 1288 423 1299 ·
483 1268 681 1323 ἀνόμοιος
711 1268 791 1325 γάρ
824 1266 871 1324 ἦν
893 1276 980 1320 τοῖς
1005 1265 1148 1319 ’ἄλλοις
1175 1269 1196 1311 ὁ
1224 1273 1314 1324 βίος
1340 1271 1499 1312 ἐκείνου
1529 1272 1601 1313 καί
1624 1273 1742 1325 ἐξηλ-

291 1339 499 1390 λαγμέναι
530 1334 574 1378 αἱ
604 1338 761 1391 τρίβοι,
802 1335 848 1377 τὸ
874 1339 1140 1388 Σολομῶντος
1177 1338 1318 1378 εἰπεῖν.
1376 1336 1493 1390 ἡμεῖς
1523 1338 1569 1380 δὲ
1596 1338 1742 1386 κακίας

291 1403 486 1456 γέμοντες
510 1400 630 1455 ὅλως,
653 1405 723 1444 καί
745 1402 876 1443 ὀπίσω
904 1404 984 1444 τῶν
1007 1400 1311 1457 ἐνθυμημάτων
1330 1404 1402 1457 τῆς
1419 1404 1596 1457 καρδίας
1623 1404 1742 1457 ἡμῶν

294 1470 369 1523 τῆς
411 1471 619 1524 πονηροῖς,
663 1469 785 1510 τοῦτο
828 1467 877 1522 δὴ
918 1467 962 1509 τὸ
998 1470 1071 1509 τοῦ
1095 1467 1329 1523 Ἱερεμίου,
1357 1470 1643 1523 πορευόμενοι,
1671 1468 1806 1510 amizo

297 1534 404 1575 κατά
435 1533 505 1576 τὸν
544 1533 676 1575 πάλαι
717 1537 943 1588 γογγυσταί
986 1532 1258 1587 τυγχάνοντες
1293 1533 1485 1589 Ἰσραήλ,
1527 1533 1634 1576 κατὰ
1664 1533 1743 1590 τὴν

297 1601 503 1654 ἡμετέραν
544 1601 775 1652 ἐπιθυμίαν
806 1598 1032 1641 ἀπολαύειν
1062 1596 1175 1649 ὅπως
1204 1601 1278 1641 οὐκ
1307 1600 1473 1654 ἔχωμεν
1515 1603 1596 1642 τῶν
1633 1617 1741 1654 πρα-

298 1667 486 1721 γμάτων,
515 1664 687 1717 δικαίως
714 1663 824 1708 οὕτω
842 1667 1110 1720 πεπράγαμεν
1127 1666 1460 1721 δυστυχέστατα,
1489 1668 1562 1708 καί
1589 1665 1742 1709 τούτου

303 1843 358 1876 bis
387 1854 470 1876 vero
496 1843 648 1884 damna,
678 1854 790 1889 eaque
815 1845 985 1889 ingentia,
1011 1845 1226 1886 conciliaus,
1252 1844 1313 1889 qui
1340 1845 1439 1878 illius
1462 1845 1507 1878 ati
1535 1844 1641 1878 deum
1664 1857 1746 1890 pre-

304 1890 416 1930 cibus,
441 1890 572 1934 quibus
596 1891 704 1924 saluti
728 1897 872 1924 nostrae
897 1891 1149 1936 providebatur
1164 1917 1174 1932 ,
1212 1892 1402 1936 privamur,
1451 1898 1489 1926 et
1515 1891 1636 1925 divino
1660 1905 1748 1926 con-

302 1937 385 1970 silio
415 1937 517 1969 illum
542 1939 732 1981 contigisse
757 1939 926 1972 coniicies
953 1950 996 1972 ex
1026 1939 1097 1972 illis
1135 1950 1226 1983 quae
1262 1939 1315 1971 ilii
1339 1939 1454 1972 adhuc
1480 1940 1663 1984 superstiti
1687 1940 1747 1972 in-

301 1989 358 2016 ter
383 1983 633 2016 somniandum
659 1991 862 2018 evenerant.
889 1987 984 2018 visus
1008 1992 1061 2019 est
1089 1985 1168 2026 sihi,
1197 1991 1388 2030 antequam
1420 1985 1505 2019 urbs
1532 1986 1631 2020 bello
1660 1997 1748 2020 con-

302 2030 450 2071 cideret,
477 2030 618 2063 domurn
645 2032 860 2074 praeclaram
879 2039 915 2066 et
931 2033 1118 2065 maximam
1138 2033 1307 2077 ingresso,
1332 2033 1488 2076 singulas
1506 2033 1604 2066 illius
1629 2039 1746 2078 partes

301 2078 479 2121 inspicere
509 2083 545 2110 et
570 2077 710 2118 decora
726 2090 765 2110 ac
787 2080 1067 2123 magnitudinem
1094 2091 1308 2124 magnopere
1338 2079 1521 2122 (lennirari3
1545 2080 1598 2112 his
1624 2081 1745 2113 inten-

302 2129 377 2156 tum
401 2135 535 2164 vocem,
560 2124 695 2157 deforis
731 2126 980 2159 advenientem
1004 2126 1183 2159 inaudisse
1204 2126 1354 2159 “domus
1378 2125 1478 2167 haec,
1502 2127 1604 2159 cuius
1629 2133 1746 2172 partes

303 2172 461 2214 singulas
487 2171 643 2203 illustres
667 2177 774 2216 atque
802 2179 967 2205 venustas
991 2173 1218 2206 considerans
1242 2173 1424 2206 admiraris
1440 2199 1448 2213 ,
1474 2179 1629 2206 actutum
1657 2186 1746 2206 con-

303 2218 420 2259 cidet3
448 2223 483 2250 et
509 2229 555 2250 ne
579 2222 614 2250 te
654 2230 716 2251 sua
746 2219 847 2251 ruina
873 2221 1071 2265 opprimat,
1103 2232 1207 2265 quam
1238 2221 1308 2253 cito
1333 2220 1426 2253 foras
1451 2221 1549 2264 eripe
1573 2220 1643 2253 te.''
1690 2221 1744 2253 vi-

303 2276 379 2296 sum
407 2264 475 2297 hoc
512 2267 640 2297 effectu
678 2277 751 2298 non
786 2266 899 2298 multo
938 2273 1022 2311 post
1047 2267 1313 2311 comprobatum
1346 2273 1409 2302 est.
1459 2267 1522 2300 ille
1549 2268 1681 2300 etenim
1707 2274 1746 2301 ut

302 2312 418 2344 iustus
443 2317 631 2356 appareret
655 2317 693 2345 et
716 2313 855 2345 virtutis
876 2325 959 2346 suae
988 2315 1178 2347 multorum
1214 2314 1376 2346 laborum
1402 2314 1559 2358 praemia
1586 2315 1744 2355 referret,

303 2358 353 2390 sic
379 2358 431 2391 uti
456 2369 520 2403 par
546 2363 632 2399 erat,
658 2364 694 2391 et
718 2364 799 2392 ante
824 2371 1009 2392 commune
1035 2360 1290 2400 infortunium,
1317 2361 1362 2392 ad
1387 2361 1505 2400 deum,
1534 2372 1640 2405 quem
1665 2367 1745 2394 tau-

300 2410 427 2448 topere
452 2405 716 2450 concupiverat,
741 2406 913 2450 migravit.
964 2419 1082 2452 neque
1112 2409 1205 2440 enim
1231 2408 1361 2440 iustum
1386 2407 1481 2452 apud
1506 2407 1610 2440 deum
1637 2419 1745 2452 repu-

300 2452 445 2484 tabatur
469 2452 638 2485 similium
669 2454 844 2486 malorum
872 2465 951 2485 eum
988 2455 1197 2499 participem
1223 2454 1321 2495 fieri,
1347 2455 1420 2487 vita
1445 2454 1622 2500 siquidem
1650 2455 1746 2487 illius

298 2510 373 2531 non
400 2504 475 2531 erat
500 2499 624 2531 similis
650 2499 740 2540 aliis,
769 2505 805 2533 et
829 2501 975 2533 semitae
996 2502 1213 2542 immutatae,
1239 2507 1279 2534 ut
1298 2513 1376 2534 cum
1392 2502 1580 2534 Salomone
1604 2502 1743 2546 loquar.

299 2556 364 2578 nos
389 2557 472 2578 vero
500 2545 731 2589 improbitate
757 2547 865 2590 plane
894 2547 1036 2591 repleti,
1065 2554 1100 2580 et
1127 2550 1164 2581 in
1191 2548 1467 2591 cogitationibus
1493 2547 1610 2580 cordis
1634 2549 1746 2580 nostri

297 2593 443 2635 pessimi
468 2592 716 2633 ambulantes,
754 2599 793 2626 ut
819 2594 986 2626 Ieremias
1019 2595 1162 2639 inquit,
1198 2600 1234 2627 et
1267 2594 1415 2638 perinde
1443 2600 1551 2639 atque
1577 2595 1747 2639 antiquus

297 2639 406 2671 lsrael
443 2644 727 2681 murmurantes,
765 2645 804 2672 ut
841 2640 946 2673 nobis
979 2640 1191 2681 allubescit,
1230 2642 1336 2674 rebus
1361 2653 1434 2674 nou
1459 2641 1746 2682 succedentibus,

297 2685 375 2718 iure
398 2686 526 2719 merito
552 2686 645 2720 mala
668 2698 708 2720 ac
732 2686 849 2721 solida
874 2687 1075 2722 calamitate
1100 2693 1305 2730 mactamur,
1333 2693 1370 2723 et
1392 2688 1456 2723 tali
1480 2688 1557 2723 viro
1581 2688 1745 2723 orbamur
