1806 3190
348 191 424 263 98
771 203 1001 245 omnen
1041 200 1362 243 PHRANTZAE

347 302 472 348 ἄλλον
500 305 527 360 ἦ
560 301 788 356 Δαμασκὸς
815 303 887 343 καί
924 301 1060 356 ἕτερον
1090 302 1115 356 ἧ
1147 299 1364 355 Αἴγυπτος
1396 302 1468 342 καί
1493 296 1617 343 ἄλλον
1643 302 1669 355 ἧ
1697 304 1785 344 Λι-

343 373 452 427 βύη,
497 371 568 412 καί
606 371 627 425 ‘i
662 367 845 424 Ἀφρική
889 370 1050 422 ἕτερον,
1090 366 1162 409 καί
1199 369 1339 422 ἓτερον
1381 365 1426 408 ἐν
1462 368 1514 423 τῇ
1541 365 1725 423 Εὐρώπῃ
1756 366 1781 419 ἧ

336 435 496 492 Ἰβηρία
525 433 648 489 εἶχεν,
677 433 704 488 ἢ
736 435 899 487 λέγεται
920 433 1125 476 Ἱσπανία.
1185 436 1260 475 καί
1283 432 1388 487 πρὸς
1413 431 1618 487 α’λλήλους
1638 430 1677 474 οἱ
1693 447 1781 486 γει..

339 507 531 551 τνιαῖντες
553 504 652 542 καθ’
681 497 858 554 ἑκάστην
886 499 1094 555 διαφορὰς
1120 495 1235 552 εἶχον
1267 500 1476 551 α’ναμέσον
1504 499 1646 540 αιῖτῶν
1674 513 1780 553 φυο-

336 571 466 622 μένας
493 570 564 609 καί
602 564 815 620 ἐμάχοντο.
887 563 926 607 οἱ
953 566 1001 606 δὲ
1032 564 1105 619 τήν
1123 565 1340 608 Ἱσπανίαν
1370 566 1576 613 οἰκοῦντες
1600 564 1806 619 ’Arum-3

337 635 402 675 νοί
428 635 486 681 εἰς
515 633 871 686 πολυανθρωπίαν
909 631 1123 684 ἐλθόντες,
1157 630 1230 672 καί
1255 629 1306 685 ἢν
1339 628 1571 687 ἐκατῴκουν
1601 633 1678 684 γῆν
1705 634 1779 672 λυ·-

335 699 447 754 πράν
478 701 548 740 καί
577 699 756 752 μετρίως
797 697 1027 749 εὐδαίμονα
1061 696 1238 749 ὃρῶντες
1268 699 1340 738 καί
1365 695 1435 738 διὰ
1465 698 1582 738 τοῦτο
1611 699 1778 753 τρέφειν

334 763 492 814 αὗτοὺς
526 763 584 818 μή
626 766 885 818 δυναμένην,
930 764 1169 817 προσῆλθον
1207 765 1264 820 τῷ
1291 758 1462 816 ἄρχοντι
1490 762 1631 804 αὑτῶν
1650 758 1780 804 Ἀπο-

326 829 428 885 χοὶψ
454 832 700 887 α’μερμουνῇ
739 831 811 871 καί
838 828 1143 881 μετανάστασιν
1180 828 1370 885 ἀπῄτουν
1396 831 1592 883 γενέσθαι
1617 828 1778 884 αὖτοῖς,

328 896 459 939 πολλὰ
488 894 868 950 στενοχωρούμενοι
896 898 1095 949 λέγοντες,
1130 897 1200 936 καὶ
1228 896 1308 936 ταῖν
1338 894 1575 950 ἀναγκαίων
1604 896 1806 941 ἐσπάνιοι

329 965 410 1015 ζον.
485 961 506 1003 ὃ
547 965 598 1003 δὲ
634 961 736 1014 μετὰ
773 963 911 1016 χαρᾶς
938 961 1011 1003 τὸν
1052 960 1175 1015 λόγον
1202 960 1446 1014 δεξάμενος,
1481 963 1584 1016 νῆας
1609 959 1778 1017 μακρὰς

324 1028 458 1078 εὐθυς
498 1028 777 1078 ἐπισκευάσας
817 1029 890 1069 καί
933 1028 1115 1079 δύναμιν
1153 1028 1198 1078 ἐξ
1225 1028 1369 1068 αὐτῶν
1409 1027 1672 1081 ἐμβιβάσας,
1705 1029 1778 1069 ἐπὶ

324 1097 516 1154 λῃστεώιν
542 1093 651 1148 ἔχων
675 1093 750 1148 τήν
779 1092 965 1146 ἔννοιαν,
994 1091 1096 1147 πρὸς
1122 1092 1199 1140 τὰς
1231 1094 1275 1133 ἐν
1303 1094 1361 1149 τῷ
1390 1095 1556 1149 Αἰγαίῳ
1585 1094 1776 1145 κειμένας

324 1162 499 1216 νήσους,
547 1162 770 1215 ἐτράποντο
820 1160 891 1200 καί
935 1157 1066 1199 πολλά
1098 1159 1267 1199 ἐποίουν
1307 1165 1397 1206 ταῖς
1430 1157 1591 1213 νήσοις,
1622 1158 1775 1200 ου’δένα

323 1227 582 1281 εὖρίσκοντες
600 1223 1069 1280 ἆντιπαρατασσόμενον
1089 1242 1100 1253 ·
1146 1226 1278 1266 πᾶσαι
1300 1223 1380 1278 γὰρ
1419 1220 1545 1281 ᾔτουν
1570 1224 1774 1279 βοήθειαν
1789 1239 1804 1267 ι

322 1294 396 1334 καί
424 1292 501 1333 οὐκ
529 1291 763 1346 ἐλάμβανον
795 1290 867 1332 διὰ
895 1289 939 1333 τὸ
962 1292 1035 1332 τὸν
1061 1292 1241 1344 βασιλέα
1264 1290 1485 1343 Ῥωμαίων
1500 1289 1681 1346 Μιχαὴλ
1702 1289 1774 1333 τὸν

321 1357 501 1412 τραυλὸν
539 1358 853 1411 περισπώμενον
893 1354 1167 1411 εὑρίσκεσθαι
1212 1358 1257 1398 ἐν
1298 1358 1521 1412 ἐμφυλίοις
1558 1359 1770 1410 πολέμοις.

323 1422 394 1465 διὰ
433 1425 551 1465 τοῦτο
591 1422 722 1465 πολλά
760 1424 886 1479 κέρδη
930 1425 975 1463 ἐκ
1019 1424 1163 1463 πασαῖν
1207 1424 1292 1463 ταῖν
1330 1423 1466 1476 νήσων
1504 1424 1772 1477 ἐκαρποῦντο.

321 1489 490 1544 ἔφθασε
521 1491 567 1530 δέ
593 1504 690 1531 ποτε
726 1487 799 1530 καί
842 1491 921 1537 ἕως
949 1491 1022 1542 τῆς
1050 1489 1245 1542 Κρήτης,
1284 1490 1358 1529 καί
1381 1486 1533 1543 ταύτην
1559 1490 1773 1543 καταδρα-

320 1556 412 1609 μών
441 1555 512 1597 καὶ
537 1554 952 1610 ἀνδραποδισάμενος
981 1554 1038 1603 ὥς
1066 1552 1152 1606 ἔνι,
1185 1554 1258 1596 καί
1286 1553 1358 1609 τήν
1384 1555 1459 1610 τῆς
1489 1552 1616 1610 νήσου
1645 1567 1806 1597 κατα-α

320 1621 474 1676 μαθών
506 1618 659 1676 ἀρετήν
685 1624 758 1663 καί
780 1622 929 1674 χάριν,
962 1618 1044 1676 ἔφη
1070 1619 1175 1675 πρὸς
1202 1619 1303 1669 τούς
1330 1619 1540 1676 ὑπηκόους
1560 1620 1587 1637 “
1599 1622 1692 1664 ι’δοὺ
1720 1623 1775 1676 γῆ

414 1751 446 1784 8.
476 1749 679 1796 δυνάμενοι
705 1750 743 1782 Μ
888 1748 1012 1793 ἀπόχα
1038 1750 1061 1781 Ρ
1188 1762 1237 1782 ιο.
1265 1748 1367 1788 ὄντες
1393 1750 1416 1782 Ρ
1540 1751 1592 1783 13.
1621 1750 1772 1786 ἔννοιαν

415 1796 492 1832 τῶν
514 1790 611 1843 πρὸς
631 1791 694 1839 τήν
719 1792 771 1840 ἧώ
796 1799 976 1842 κειμένων
1004 1796 1129 1838 νήσων
1153 1798 1346 1844 ἐτρέποντο
1372 1797 1409 1830 Μ
1461 1844 1467 1853 ,
1525 1798 1575 1829 15.
1599 1801 1773 1842 βοηθείας

416 1862 480 1900 διὰ
503 1860 568 1900 τὸν
591 1865 630 1898 Μ
739 1877 789 1910 ¹7·
813 1867 986 1913 πολέμοις
1009 1866 1080 1900 ἔτει
1108 1859 1182 1900 ἀπὸ
1205 1865 1361 1911 χριστοῦ
1381 1857 1459 1899 ωλω
1475 1890 1486 1898 .
1511 1862 1574 1900 διὰ
1593 1865 1619 1898 Ρ

321 1967 507 2002 abundans
546 1968 741 2009 Melitene,
773 1968 880 2001 alium
917 1968 1086 2014 Chalepi,
1121 1968 1231 2001 alium
1263 1969 1479 2009 Damascus,
1518 1968 1629 2002 alium
1655 1969 1770 2013 Aegy-

320 2021 426 2061 ptus*
450 2015 555 2047 alium
582 2014 714 2058 Libya,
749 2015 860 2047 alium
887 2015 1022 2056 Africa,
1060 2015 1170 2048 alium
1196 2016 1234 2047 in
1258 2015 1399 2060 Europa
1420 2015 1556 2056 Iberia,
1584 2026 1676 2062 quae
1705 2016 1771 2049 Hi-

322 2063 446 2107 spania
481 2061 624 2094 dicitur.
659 2062 781 2106 itaque
809 2061 940 2095 factum
966 2067 1044 2102 est,
1080 2067 1122 2095 ut
1148 2062 1281 2102 vicini,
1320 2061 1486 2106 quotidie
1521 2062 1771 2098 exorientibus

321 2111 418 2142 inter
440 2119 501 2142 eos
516 2109 780 2150 controversiis,
803 2108 849 2141 ad
870 2120 1006 2154 pugnas
1028 2108 1298 2142 descenderent.
1323 2109 1532 2154 Hispaniam
1552 2111 1616 2155 qui
1634 2111 1773 2145 incole-

323 2156 414 2189 bant
438 2155 607 2201 Agareni,
629 2166 778 2188 numero
805 2157 912 2196 aucti,
940 2167 1047 2201 quum
1075 2157 1265 2200 regionem,
1288 2167 1394 2201 quam
1420 2155 1643 2198 habitabant,
1663 2159 1772 2192 steri-

322 2203 464 2242 liorem‚
487 2213 554 2236 nec
575 2202 767 2236 admodum
793 2203 933 2236 felicem
958 2213 1034 2237 esse
1048 2202 1206 2249 ideoque
1230 2203 1369 2236 alendis
1393 2203 1462 2236 sibi
1492 2203 1588 2237 haud
1612 2205 1772 2239 sufficere

322 2250 497 2290 viderent,
511 2249 736 2295 Apochapem
757 2261 1007 2291 aniel-munem,
1033 2251 1230 2295 principem
1254 2261 1369 2290 suum,
1391 2250 1569 2291 adierunt,
1596 2258 1772 2295 rogantes,

324 2303 366 2330 ut
389 2298 491 2330 sedes
522 2303 659 2330 mutare
693 2297 762 2330 sibi
786 2297 931 2338 liceret,
961 2303 1001 2331 ut
1025 2298 1088 2342 qui
1123 2297 1228 2331 valde
1263 2303 1512 2342 premerentur
1534 2300 1707 2342 angustiis
1734 2304 1772 2332 et

324 2343 429 2377 rebus
456 2343 613 2377 tuendae
636 2344 731 2378 vitae
759 2344 966 2377 necessariis
1001 2349 1156 2388 egerent.
1179 2344 1262 2383 ille⁷
1299 2345 1474 2388 petitione
1499 2345 1672 2386 laetatus,
1697 2350 1772 2378 sta-

325 2391 388 2424 tim
413 2402 521 2424 naves
547 2392 669 2436 longas
696 2391 934 2424 aedificandas
958 2391 1115 2431 curavit,
1148 2396 1185 2424 et
1207 2391 1378 2435 piraticae
1402 2391 1588 2425 faciendae
1617 2391 1769 2425 consilio

325 2449 467 2470 manum
492 2439 535 2471 iis
554 2438 718 2471 idoneam
744 2439 925 2482 imposuit,
949 2448 1040 2481 quae
1066 2437 1112 2470 ad
1140 2437 1274 2482 Aegaei
1298 2439 1405 2471 maris
1430 2439 1566 2472 insulas
1590 2450 1770 2479 conversa,

323 2484 445 2518 multis
476 2496 535 2518 eas
564 2484 827 2518 calamitatibus
856 2484 1011 2525 afflixit,
1053 2495 1162 2529 quum
1191 2495 1297 2518 nemo
1335 2490 1452 2526 esset,
1479 2486 1540 2531 qui
1577 2485 1768 2519 resisteret.

325 2542 446 2564 omnes
473 2533 646 2565 auxilium
670 2531 901 2576 flagitabant,
923 2542 989 2564 nec
1015 2531 1310 2564 nanciscebantur
1343 2538 1485 2573 tamen,
1513 2533 1682 2577 quoniam
1698 2532 1770 2565 Mi-

325 2577 427 2610 chael
452 2578 602 2620 balbus,
629 2580 820 2624 imperator
844 2579 1039 2618 Romanus,
1076 2578 1182 2610 bellis
1206 2578 1369 2612 civilibus
1396 2578 1674 2614 distrahebatur.
1698 2579 1770 2612 ita-

325 2635 396 2668 que
423 2625 477 2657 illi
504 2636 547 2658 ex
571 2626 736 2659 omnibus
762 2625 888 2658 insulis
919 2624 1104 2658 commoda
1131 2624 1200 2657 sibi
1230 2626 1342 2658 multa
1367 2625 1630 2671 comparabant.
1653 2637 1767 2672 quum

325 2670 519 2716 aliquando
546 2673 592 2705 ad
617 2673 756 2706 Cretam
782 2683 896 2717 usque
920 2673 1094 2712 venisset,
1117 2683 1275 2716 eamque,
1303 2678 1478 2717 quantum
1498 2678 1661 2718 poterat,
1685 2683 1768 2716 per-

325 2723 471 2762 vagatus
499 2724 533 2750 et
567 2720 761 2764 populatus
789 2724 902 2759 esset,
928 2724 1109 2763 comperta
1135 2718 1299 2752 bonitate
1331 2724 1367 2752 et
1390 2720 1578 2754 fertilitate
1600 2719 1766 2759 insulae,

326 2764 372 2796 ad
396 2776 479 2797 suos
511 2777 720 2807 conversus,
747 2764 818 2799 “en
852 2771 969 2806 terra,
1006 2765 1143 2811 inquit,
1176 2765 1289 2799 fluens
1326 2766 1418 2800 lacte
1451 2772 1488 2800 et
1512 2764 1653 2800 melle-’¹
1678 2765 1767 2800 haec
