1806 3190
357 141 458 199 188
780 161 1004 202 Gssossou
1045 158 1361 202 PimANTzAE

887 258 895 272 ἱ
951 256 968 272 (Ι

346 262 479 304 κόσιοι
502 261 572 304 τὸν
601 259 796 314 α’ριθμόν.
823 275 891 300 και
921 274 1048 308 ουτως
1077 260 1271 313 εἰσῆλθον
1294 258 1401 311 μετὰ
1431 263 1512 304 τῶν
1539 267 1776 321 σαλπίγγων

346 329 417 369 καί
446 326 596 374 παντὸς
633 328 773 379 γένους
800 326 1017 376 μουσικοῦ.
1085 322 1110 378 ἦ
1142 326 1187 366 δὲ
1213 322 1330 373 πόλις
1359 327 1473 368 πᾶσα
1503 330 1575 383 τῆς
1605 333 1774 386 Φερρα-

345 391 440 447 ριἀς
465 393 720 445 συνέδρα,ιιεν
751 391 854 431 ἰδεῖν
883 388 954 442 τὴν
982 392 1057 430 τοῦ
1084 390 1204 443 ἁγίου
1234 389 1351 444 ἡμῶν
1378 392 1580 436 αὖθέντου
1594 399 1667 439 καί
1694 399 1774 449 βα-

344 460 492 505 σιλέως
519 455 678 497 ἔλευσιν
704 454 810 506 μετὰ
839 455 982 503 αἰδοῦς
1013 458 1084 496 καί
1110 458 1234 509 τιμῆς
1260 456 1333 496 καί
1357 459 1590 510 εὐλαβείας.
1649 464 1722 504 καί
1749 462 1774 503 ὅ

341 524 418 574 μὲν
440 519 638 574 βασιλεύς
677 521 896 570 ἐκαθέζετο
936 522 1000 575 ἐφ’
1043 522 1172 561 ἵππου
1215 520 1469 574 ὠραιοτάτου
1498 528 1676 576 μέλανος
1703 529 1775 570 καί
1786 533 1804 572 5

342 587 660 640 εύτρεπισμένου
677 584 780 637 μετὰ
800 587 984 639 ἐρυθροῦ
1013 584 1084 626 καί
1107 586 1435 641 χρυσοῦφάντου
1462 592 1668 643 χασδιόυ·
1695 587 1773 646 ἅρ-

339 666 482 704 χοντες
511 652 556 692 δὲ
585 650 660 692 καί
681 667 788 699 τινες
818 649 935 692 ἄλλοι
962 653 1252 705 συνηπείγοντο
1279 654 1406 710 αύτῷ,
1439 653 1543 706 μετα
1573 656 1775 708 ούρανίας

341 718 596 765 λευκοειδοῦς
632 715 969 767 ἐπισκεπάζοντες
1001 714 1150 769 αὐτόν,
1184 717 1256 758 καί
1285 715 1393 772 αὕτη
1424 719 1773 773 ἐπιμελανιζουσα

342 782 398 830 ὦς
425 782 516 823 ἰδέα
546 782 740 835 ούρανοῦ.
810 783 880 823 καί
917 784 1056 837 ἕτερος
1084 784 1207 832 ἵππος
1238 783 1383 833 λευκὸς
1409 783 1675 840 ὥραιότατος,
1703 790 1774 829 ev*-

340 849 609 901 τρεπισμένος
632 847 703 888 καί
731 847 855 896 αὐτὸς
882 847 931 889 τὰ
968 844 1090 900 αὐτά,
1120 849 1191 890 καὶ
1215 851 1403 904 χρυσοῦς
1433 851 1578 901 αἐτούς
1608 854 1678 895 ἐπὶ
1702 856 1804 898 tofi!

338 913 518 966 χασδιόυ
546 912 653 966 ἔχων
681 916 752 956 καί
779 916 897 969 ἕτερα
926 917 1071 968 χρυσᾶ
1110 917 1338 969 πλέγματα,
1369 916 1590 972 ἐπορεύετο
1618 917 1775 974 ἐζαπρο-

339 982 442 1020 σθεν
465 980 537 1019 τοῦ
564 979 790 1033 βασιλέως,
817 979 876 1034 μη
908 978 1015 1033 ἔχων
1043 979 1273 1034 ἀναβάτην.
1333 981 1354 1022 ὁ
1386 984 1432 1024 δὲ
1458 985 1776 1036 μακαριώτατος

337 1043 478 1093 πάπας
522 1039 572 1098 ἦν
612 1043 841 1100 καθήμενος
876 1045 947 1087 ἐπὶ
984 1048 1057 1087 τοῦ
1091 1049 1296 1088 παλατιόυ
1325 1047 1458 1089 αὑτοῦ
1485 1048 1591 1101 μετὰ
1621 1049 1775 1101 παντὸς

335 1112 412 1151 τοῦ
451 1111 625 1164 κλήρου,
665 1110 945 1166 καρδινοὶλεων
983 1110 1140 1167 δηλαδὴ
1193 1115 1506 1167 μητροπολιτῶν
1546 1114 1776 1158 ἐπισκόπων

335 1174 481 1229 ἱερέων
521 1175 592 1217 καί
633 1172 768 1218 ἄλλων
810 1179 884 1218 τοῦ
931 1176 1144 1231 ἱερατικοῦ
1171 1180 1423 1233 καταλόγου,
1459 1179 1533 1223 καί
1559 1181 1803 1236 α’ρχὸντωνι

333 1241 405 1281 καί
429 1242 645 1283 αὐθεντῶν
668 1245 853 1295 πολλῶν,
885 1241 1152 1297 ἐκδεχόμενοι
1185 1243 1259 1286 τὸν
1286 1248 1476 1297 βασιλέα.
1535 1250 1607 1288 καί
1633 1247 1775 1290 ἐλθόν-

333 1321 398 1354 τες
424 1305 461 1347 οἱ
491 1305 724 1361 ἔμπροσθεν
760 1307 961 1365 ἔφιπποι,
1003 1312 1111 1358 τινὲς
1139 1313 1216 1363 μὲν
1246 1314 1328 1353 τῶν
1356 1311 1575 1366 ἀρχόντων
1604 1315 1775 1365 ἐπέζευ-

333 1389 426 1425 σαν,
458 1372 531 1413 καί
567 1372 693 1422 αύτὸς
723 1374 745 1413 ὅ
783 1373 1013 1430 δεσπότης,
1062 1376 1133 1418 καί
1159 1377 1356 1430 εἰσῆλθον
1391 1378 1460 1419 διὰ
1493 1381 1566 1432 τῆς
1593 1380 1777 1434 μεγάλης

342 1438 475 1493 πύλης
499 1437 616 1480 ἔνδον
643 1442 715 1480 τοῦ
745 1443 960 1493 παλατιόυ,
990 1435 1043 1482 οὗ
1070 1438 1122 1496 ἦν
1146 1432 1173 1483 ’ὅ
1202 1443 1340 1492 πάπας
1358 1459 1370 1471 ·
1429 1442 1501 1486 τὸν
1527 1446 1572 1485 δὲ
1599 1447 1778 1498 βασιλέα

341 1501 558 1558 εἰσήγαγον
586 1502 766 1559 ἔφιππον
795 1507 849 1547 δι’
868 1503 1010 1561 ἑτέρας
1039 1507 1189 1563 πύλης.
1246 1508 1368 1562 γνοὺς
1397 1505 1472 1551 οὖν
1498 1509 1519 1552 ὃ
1546 1508 1686 1560 minag
1715 1508 1806 1569 ὅτις

341 1568 460 1622 ἐγγύς
487 1571 576 1611 ἐστι
607 1573 680 1624 τῆς
706 1569 838 1625 πύλης
863 1571 886 1612 ὅ
915 1572 1128 1626 βασιλεύς,
1159 1574 1304 1629 ἀνέστη
1335 1577 1408 1617 καί
1433 1574 1684 1630 περιεπάτει.
1729 1575 1778 1619 ὃν
1805 1577 1806 1592 ³

342 1636 415 1674 καί
443 1629 564 1688 εὗρεν
608 1634 628 1676 ὃ
654 1638 854 1690 βασιλεύς
879 1634 1022 1692 ὄρθιον
1041 1655 1051 1665 ·
1108 1643 1180 1682 καί
1204 1641 1339 1681 θέλων
1367 1645 1669 1697 γονυπετῆσαι,
1702 1643 1777 1684 οὐκ

343 1700 504 1756 α’φῆκεν
529 1700 657 1744 αύτόν
685 1702 706 1744 ὁ
739 1701 877 1752 minag
917 1705 1006 1746 ἀλλ’
1035 1706 1202 1757 ἐδέξατο
1231 1705 1362 1748 αὐτόν
1390 1709 1449 1756 εἰς
1477 1706 1573 1756 τούς
1602 1707 1778 1759 κόλπους

438 1834 469 1856 2.
494 1825 686 1871 μουσικῶν
708 1826 732 1858 Ρ
858 1838 907 1860 ιο.
938 1828 1003 1862 τοῦ
1031 1839 1087 1862 om
1113 1829 1139 1861 P
1238 1841 1289 1874 ¹7·
1315 1830 1508 1871 ἐπέζευξαν
1530 1830 1593 1863 ΜΡ

340 1925 614 1955 strumentorum
640 1923 754 1956 omnis
780 1924 917 1967 generis
946 1926 1118 1969 strepitu;
1146 1926 1401 1971 concurritque
1426 1927 1548 1960 civitas
1573 1926 1778 1960 Fen-arien-

340 1968 430 1999 sium
457 1969 617 2002 universa
642 1969 687 2002 ad
711 1969 904 2003 videndum
931 1973 1159 2006 sacratissimi
1186 1973 1319 2006 domini
1353 1975 1468 2007 nostri
1495 1981 1532 2006 et
1552 1974 1775 2018 imperatoris

338 2013 536 2055 introitum,
565 2027 643 2048 cum
669 2015 911 2058 observantia,
938 2017 1073 2052 honore
1098 2025 1134 2053 et
1159 2019 1386 2053 verecundia.
1410 2020 1560 2054 sedebat
1582 2021 1777 2065 imperator

338 2061 375 2093 in
399 2072 489 2106 equo
514 2062 769 2096 formosissimo
801 2064 892 2107 nigri
919 2066 1067 2106 coloris,
1091 2066 1150 2099 cui
1177 2068 1348 2100 iniectum
1386 2073 1474 2101 erat.
1495 2073 1645 2100 stratum
1671 2067 1775 2100 seriei

336 2107 456 2140 villosi
480 2119 675 2153 purpurium
700 2115 737 2142 et
761 2121 846 2142 auro
867 2111 1110 2145 intertextum.
1138 2113 1322 2158 stipabant
1341 2125 1422 2147 eum
1446 2114 1624 2159 principes
1650 2119 1687 2147 et
1711 2114 1775 2147 alii

337 2153 501 2199 quidam,
527 2156 652 2188 aulaeo
688 2157 831 2189 candidi
869 2158 997 2191 coloris
1036 2170 1116 2192 eum
1149 2166 1360 2205 opacantes,
1385 2162 1581 2204 nigricante
1604 2167 1775 2206 tanquam

337 2201 429 2233 coeli
463 2201 590 2246 imago.
630 2203 721 2236 alius
755 2214 868 2248 equus
902 2205 1074 2245 candidus
1113 2212 1150 2240 et
1179 2208 1256 2252 ipse
1290 2209 1563 2241 formosissimus
1595 2213 1632 2241 et
1662 2207 1773 2240 simili

335 2247 442 2280 modo
475 2254 637 2289 ornatus,
662 2250 700 2282 in
723 2251 821 2283 cuius
845 2255 955 2284 strato
991 2253 1132 2298 aquilae
1158 2254 1322 2300 aliaeque
1346 2255 1478 2298 figurae
1502 2266 1586 2288 auro
1612 2255 1774 2289 intextae

337 2298 449 2334 erant,
473 2295 721 2340 imperatorem
746 2297 1002 2341 praecedebat,
1038 2311 1158 2334 carens
1185 2302 1319 2346 equite.
1348 2302 1590 2335 sanctissimus
1614 2312 1710 2346 papa
1733 2301 1774 2334 in

336 2341 470 2385 palatio
505 2354 568 2375 suo
593 2354 670 2375 cum
696 2349 775 2376 toto
800 2344 905 2383 clero,
925 2344 959 2377 h.
981 2356 1011 2377 e.
1048 2349 1263 2392 purpuratis,
1297 2348 1558 2393 metropolitis,
1582 2348 1772 2393 episcopis,

337 2387 604 2429 sacerdotibus,
637 2391 838 2435 ceterisque
880 2391 1140 2435 ecclesiasticis,
1169 2401 1205 2428 et
1230 2395 1313 2428 viris
1339 2395 1562 2440 principibus
1588 2406 1629 2427 ac
1654 2394 1774 2428 ‹lomi-

336 2434 392 2466 nis
417 2435 549 2474 multis,
574 2436 825 2479 imperatorem
844 2444 1061 2482 exspectans,
1087 2441 1246 2475 sedebat.
1274 2442 1442 2482 advectis,
1463 2442 1526 2487 qui
1550 2452 1674 2485 agmen
1700 2441 1770 2474 du·-

338 2479 487 2522 cebant,
510 2483 712 2527 equitibus,
753 2495 771 2515 e
798 2484 1018 2528 principibus
1054 2488 1220 2520 nonnulli
1253 2488 1537 2527 descenderunt,
1561 2489 1656 2521 inter
1680 2498 1771 2533 quos

338 2527 414 2570 ipse
439 2528 586 2572 despota
610 2530 688 2570 fuit,
715 2541 754 2562 ac
779 2542 842 2574 per
867 2542 1026 2574 magnam
1060 2540 1198 2576 portam
1221 2536 1371 2580 palatii,
1395 2535 1457 2568 ubi
1482 2546 1572 2580 papa
1600 2539 1686 2574 erat,
1710 2535 1769 2567 iu-

340 2574 446 2615 gressi
472 2581 576 2617 sunt;
608 2577 855 2621 imperatorem
880 2589 945 2621 per
979 2579 1083 2612 aliam
1118 2587 1253 2624 portam
1279 2594 1372 2628 equo
1406 2581 1623 2615 insidentem
1651 2582 1770 2614 intro-

340 2618 526 2654 duxerunt.
565 2633 676 2667 papa,
713 2625 878 2666 cognito,
915 2625 1159 2668 imperatorem
1195 2628 1239 2661 ad
1274 2635 1412 2673 portam
1448 2627 1589 2666 adesse,
1617 2628 1768 2660 surrexit

340 2670 377 2697 et
403 2666 651 2708 inambulavit,
678 2676 712 2702 et
737 2670 786 2703 ita
821 2671 933 2714 spatia
970 2671 1158 2706 facientem
1191 2676 1339 2708 offendit
1366 2686 1445 2708 eum
1471 2676 1679 2719 imperator:
1705 2674 1768 2719 qui

340 2722 447 2756 qnum
475 2714 511 2746 in
546 2725 656 2758 genua
685 2716 793 2750 vellet
826 2717 1076 2762 procumbere,
1105 2730 1177 2754 non
1217 2721 1252 2755 id
1278 2723 1437 2767 permisit
1462 2733 1574 2767 papa,
1599 2720 1662 2754 sed
1687 2731 1768 2754 eum
