1806 3190
522 152 626 190 LlB.
655 153 688 190 1.
734 149 849 191 CAP.
878 151 1018 191 xxiv.
1436 153 1506 207 ‘¹9

1440 190 1454 208 Ι

68 246 158 307 ᾔτει
183 246 336 302 τρόπον
380 245 452 289 καί
477 247 672 303 ἀφορμὰς
707 247 774 290 ἵνα
816 251 1024 296 πλουσίως
1055 245 1212 304 αὐξήσῃ
1253 245 1324 290 τὸν
1355 252 1507 304 κλῆρον

27 315 29 321 ’
67 317 140 356 nal
156 311 230 368 τήν
256 313 475 366 βασιλείαν
503 314 653 364 aizoi,
683 315 766 354 xm)
783 313 944 368 ἡμέραν
970 330 1015 355 τε
1045 314 1117 354 καί
1142 312 1271 355 νύκτα
1297 315 1378 367 οὔχ
1403 315 1507 370 ἡσύ-

63 381 192 434 χαζεν
220 379 289 421 οἷεί
314 382 520 432 πολέμους
546 378 657 433 ἔχειν
685 381 757 421 καί
787 380 1080 433 ἀγωνίζεσθαι.
1135 378 1208 421 καί
1230 378 1372 435 μα’χην
1400 380 1503 434 ἐγεί-

68 461 146 500 ρας
173 443 278 487 κατὰ
318 448 401 487 τῶν
435 443 656 501 ὁμοφύλων
684 444 817 487 αὑτοῦ
852 445 1080 498 α’μηράδων
1111 446 1183 486 καί
1205 445 1359 494 πολλὰς
1388 447 1505 496 νίκας

31 507 196 568 δ’-ἤρατο
223 512 294 552 καί
322 514 459 553 πᾶσαν
485 511 560 565 τὴν
587 513 768 552 Μυσίαν
808 509 920 567 νόμῳ
952 513 1134 563 πολέμου
1166 511 1374 568 ἐκέρδησε,
1406 517 1504 555 Λυ-

65 577 234 618 καονίαν
258 576 330 618 καί
348 575 536 631 Φρυγίαν
566 577 638 617 καί
663 577 836 630 Καρίαν
864 576 936 617 καί
963 577 1041 625 ἕως
1068 574 1278 632 θαλάττης
1306 580 1380 632 τῆς
1406 578 1506 631 περὶ

63 641 136 685 τὸν
165 641 459 697 Εὐρυμέδοντα
491 640 700 695 ποταμόν,
740 643 812 683 καί
849 642 893 683 τὸ
935 642 1239 698 έναπολειφθὲν
1278 647 1406 697 μέρος
1431 647 1503 698 τῆς

62 709 283 761 Βιθυνίας,
297 706 579 762 Νικομήδειαν
593 706 664 749 καί
677 709 857 751 Νίκαιαν
869 709 942 749 καί
957 708 1080 762 ἕτερα
1092 708 1281 761 πολίχνια
1297 705 1369 749 οὖκ
1383 709 1502 763 ὀλίγα
1514 720 1538 751 Β

63 773 136 815 καὶ
155 769 306 826 ἅστυα,
335 774 407 814 καί
423 772 498 827 τὴν
520 775 757 829 περίφημον
774 774 845 814 καί
863 770 1024 826 &palam
1050 773 1171 815 πόλιν
1197 775 1269 828 τῆς
1285 774 1502 830 Προύσης,

20 838 90 897 μὴ’
117 845 249 880 κεῖται
285 838 368 880 ὑπὸ
397 837 495 888 τούς
527 838 659 888 πόδας
685 841 762 880 τοῦ
787 835 1026 892 Ὀλύμπου,
1059 838 1139 880 ὑπὸ
1178 841 1263 881 τῶν
1285 838 1501 894 Ῥωμαίων

63 904 298 959 ἀρχομένην
323 904 552 959 ἐκέρδησεν.
609 905 653 946 ἐν
679 905 819 962 ἐκείνῳ
844 906 900 962 τῷ
922 906 1086 963 πολέμῳ
1113 907 1183 960 τῆς
1198 907 1401 961 Προύσης
1429 909 1503 948 καί

60 968 134 1012 τόν
163 968 274 1011 πόδα
312 968 379 1012 τὸν
408 968 542 1020 δεξιὸν
568 970 735 1026 ἐπλήγη.
804 970 988 1026 περάσας
1018 972 1065 1012 δὲ
1092 974 1166 1013 καί
1185 973 1230 1014 έν
1257 974 1309 1029 τῇ
1335 975 1501 1027 Χερρο-

58 1033 168 1093 νήσῳ
199 1038 274 1091 τῆς
297 1037 462 1093 Θρᾴκης
488 1035 685 1090 πολίχνια
703 1052 795 1078 τινα
824 1033 1061 1091 πολεμήσας
1091 1038 1241 1093 ἐπῆρεν
1257 1055 1268 1065 ·
1327 1035 1499 1093 ’ὕστερον

60 1103 107 1143 δὲ
151 1101 226 1156 τήν
262 1101 447 1157 α’δελφὴν
487 1103 560 1144 τοῦ
595 1104 800 1153 βασιλέως
837 1100 1024 1144 Ἰωάννου
1062 1104 1122 1153 εἷς
1150 1109 1327 1157 γυναῖκα
1357 1103 1499 1157 λαβών

21 1167 130 1214 ςδιὰ
156 1166 231 1222 τὴν
256 1169 495 1221 συγγένειαν
539 1169 595 1223 τῷ
621 1170 793 1220 βασιλεῖ’
823 1170 881 1225 τῷ
918 1171 989 1210 καί
1027 1170 1345 1228 γυναικαδέλφῳ
1374 1168 1426 1211 τά
1453 1173 1498 1213 έν

57 1235 108 1290 τῇ
138 1231 389 1291 Χερρονήσω
418 1248 604 1288 φρουρια
632 1229 760 1281 αυθις
796 1233 1053 1289 ἐχαρίσατο,
1081 1251 1139 1284 ως
1170 1235 1363 1290 α’λλαχου
1393 1236 1498 1314 ἔφη·

55 1314 156 1352 μεν,
195 1315 265 1340 και
300 1300 357 1356 τιῖἱ
381 1300 695 1356 γυναικαδέλφῳ
732 1299 945 1354 βοηθήσας
980 1315 1040 1349 εις
1069 1298 1146 1354 τὴν
1172 1303 1390 1354 βασιλείαν
1421 1301 1497 1356 τὴν

55 1363 256 1420 πατρικήν
283 1365 625 1418 αποκατέστησεν.
682 1362 773 1407 εἶτα
805 1361 1036 1418 ἀπέθανεν,
1066 1363 1109 1414 ὃς
1128 1365 1395 1419 ἐβασιλευσεν
1423 1366 1495 1423 ε’τη

55 1428 301 1485 πεντήκοντα
343 1446 411 1470 και
444 1427 546 1471 ἑπτά
575 1444 645 1471 και
673 1432 806 1484 μῆνας
844 1433 960 1471 ἐννέα
990 1447 1059 1471 και
1087 1430 1245 1486 ἡμέρας
1276 1434 1343 1485 ιβ’,
1373 1449 1440 1475 και
1472 1449 1492 1473 0

22 1494 148 1547 ουὶὐς
176 1496 310 1537 azizos}
333 1495 605 1549 Ἀμουράτης
635 1495 711 1549 τήν
741 1494 876 1549 ἀρχήν
904 1497 1126 1546 διεδέξατο.

164 1563 230 1604 25.
284 1559 408 1604 Μετὰ
435 1559 502 1602 τὸν
519 1560 700 1602 θάνατον
731 1556 806 1602 οὖν
837 1563 914 1602 τοῦ
939 1562 1139 1616 Ὀρχοίνου
1170 1562 1192 1603 ὁ
1223 1563 1494 1619 Ἀμουράτης

147 1663 178 1697 5.
205 1659 310 1707 ἤρετο
335 1662 359 1695 Ρ
458 1674 491 1707 9.
514 1660 624 1697 πόλιν
645 1661 833 1719 Προύσανι
856 1661 881 1694 Ρ
981 1672 1031 1696 ιο.
1059 1657 1166 1708 παρὰ
1193 1664 1216 1697 P
1352 1664 1402 1697 15.
1429 1667 1493 1699 καὶ

149 1719 207 1742 om
231 1710 256 1741 P
401 1711 448 1743 18
481 1703 688 1744 ἀποθανών
713 1705 788 1755 γὰρ
814 1706 853 1747 ὃς
874 1708 912 1740 Μ
1074 1709 1194 1756 ἕτεροι
1215 1710 1286 1756 μὲν
1310 1712 1494 1756 hyonam,

146 1756 319 1799 ἑξήκοντα
348 1756 405 1797 ἔτη
431 1757 674 1799 ἐβασίλευσεν.
700 1756 904 1788 pachomius
929 1757 966 1788 in
993 1757 1149 1800 margine
1175 1758 1198 1790 P
1337 1759 1487 1805 21.25.]

146 1806 234 1849 περὶ
259 1803 320 1845 τῆς
345 1801 560 1847 βασιλείας>
553 1801 758 1855 Λμουράτη
783 1801 842 1843 Μ,
867 1805 955 1849 περι
979 1803 1044 1838 τοῦ
1069 1802 1283 1850 ἄμουράτου
1303 1804 1344 1846 P,
1373 1806 1488 1850 capite

146 1860 220 1883 non
244 1849 421 1882 distincto.
540 1861 606 1885 ουν
629 1861 685 1882 om
714 1851 737 1882 P

54 1952 159 1986 rebus
184 1952 398 1992 imitabatur,
414 1963 452 1984 ac
468 1952 611 1985 modum
633 1951 828 1997 quaerebat
845 1953 1135 1998 occasionesque,
1162 1963 1249 1998 opes
1273 1958 1310 1986 et
1334 1964 1491 1998 regnum,

30 2005 224 2046 'quantum
250 2005 389 2044 posset,
423 1999 593 2043 augendi,
617 2010 683 2032 nec
716 2011 869 2053 unquam
898 2000 1057 2033 cessabat
1082 2012 1304 2034 commovere
1330 2000 1425 2033 bella
1454 2008 1491 2034 et

54 2047 252 2080 certamina.
276 2047 400 2090 itaque
427 2047 618 2091 populares
643 2046 820 2091 principes
845 2046 1001 2088 adortus,
1025 2048 1156 2081 multas
1186 2047 1230 2080 de
1253 2048 1296 2080 iis
1322 2049 1490 2081 victorias

53 2094 264 2139 reportavit,
303 2093 482 2137 armisque
508 2093 577 2126 sibi
616 2094 753 2138 paravit
775 2099 886 2126 totam
918 2094 1089 2137 Mysiam,
1127 2094 1352 2138 Lycaoniam,
1377 2094 1488 2138 Phry..

54 2141 170 2185 giam,
195 2140 353 2180 Cariam,
379 2151 491 2184 usque
518 2140 563 2172 ad
586 2151 683 2172 mare
716 2145 754 2173 et
778 2140 1074 2184 Eurymedontem
1100 2141 1245 2174 fluvium
1270 2153 1487 2186 progressus.

54 2187 149 2220 iden]
172 2187 344 2232 reliquam
369 2193 503 2231 partem
527 2187 724 2231 Bithyniae,
749 2187 991 2220 Nicomediam
1016 2194 1052 2222 et
1075 2189 1243 2221 Nicaeam
1263 2194 1300 2221 et
1322 2189 1390 2220 alia
1415 2200 1488 2222 non

52 2246 166 2280 pauca
190 2233 321 2278 oppida
359 2239 395 2265 et
423 2234 549 2275 urbes,
582 2235 691 2279 inque
734 2234 856 2278 primis
893 2235 1209 2269 celebratissimam
1248 2241 1284 2268 et
1316 2235 1488 2280 pulcher·-

12 2303 13 2306 =
53 2281 175 2314 rimam
199 2283 359 2320 Prusam,
383 2280 428 2312 ad
453 2281 589 2314 radices
607 2281 749 2326 Olympi
774 2282 906 2315 montis
932 2283 1052 2323 sitam,
1078 2293 1171 2327 quae
1198 2283 1305 2315 etiam
1331 2287 1405 2314 tum
1419 2284 1489 2316 Ro-

53 2329 166 2362 manis
202 2327 365 2372 parebat,
398 2328 470 2360 suis
495 2329 688 2373 provinciis
720 2327 872 2362 addidit.
906 2329 943 2362 in
966 2329 1064 2362 bello
1091 2330 1252 2363 Prusensi
1277 2330 1315 2362 in
1339 2329 1486 2362 dextero

52 2375 143 2420 pede
163 2375 367 2407 vulneratus
392 2380 455 2409 est.
478 2376 589 2420 copiis
613 2376 698 2408 item
725 2375 763 2407 in
788 2375 1046 2409 Chersonesum
1061 2376 1236 2410 Thraciae
1260 2375 1488 2417 transductis,

53 2421 184 2476 oppida
212 2422 383 2454 nonnulla
409 2423 643 2466 expugnavit,
671 2433 760 2467 quae
795 2427 912 2455 tamen
937 2429 1083 2468 postea,
1107 2423 1331 2477 imperatoris
1352 2422 1490 2457 Iohan—

52 2469 107 2501 nis
133 2479 288 2502 sororem
323 2469 359 2500 in
396 2469 656 2502 matrimonium
691 2468 864 2513 adeptus,
900 2470 984 2503 huic
1004 2476 1040 2503 et
1073 2471 1192 2502 uxoris
1217 2469 1317 2502 fratri
1341 2475 1488 2515 propter

53 2515 259 2548 affinitatem
286 2515 379 2547 ultro
407 2517 601 2556 concessit,
642 2522 680 2549 ut
704 2516 791 2548 alibi
821 2516 996 2559 diximus,
1020 2522 1128 2562 atque
1154 2516 1286 2549 auxilio
1312 2527 1375 2549 suo
1402 2519 1488 2550 effe-

54 2562 114 2603 cit,
133 2568 172 2595 ut
196 2562 285 2595 levir
309 2563 346 2594 in
374 2567 559 2606 paternum
587 2563 772 2608 imperium
801 2564 1054 2597 restitueretur.
1085 2563 1216 2596 deinde
1240 2569 1398 2596 mortuus
1423 2570 1487 2605 est,

52 2614 238 2654 postquam
262 2619 368 2653 regno
389 2610 542 2653 praefuit
564 2621 674 2642 annos
707 2615 840 2655 septem
873 2616 909 2644 et
946 2610 1205 2655 quinquaginta
1221 2635 1230 2650 ,
1253 2621 1390 2644 menses
1419 2623 1485 2644 no-

53 2665 147 2694 vem,
170 2655 246 2688 dies
277 2655 485 2698 duodecim3
508 2668 548 2689 ac
575 2658 729 2702 suscepit
760 2658 947 2702 imperium
973 2658 1068 2689 filius
1096 2657 1171 2689 eius
1195 2657 1390 2690 Amurates.

148 2703 200 2734 25.
249 2702 328 2735 Post
353 2708 498 2736 mortem
518 2703 689 2737 Orchanis
717 2705 901 2737 Amurates
928 2704 1079 2748 imperio
1104 2703 1241 2748 potitur
1265 2715 1356 2737 anno
1381 2705 1483 2746 6858,
