1806 3190
327 197 437 239 PRo
476 197 694 238 vuussus
737 196 880 238 ACTA
918 195 1186 237 MONomA.
1368 173 1476 230 533

35 293 201 343 ,ἄνωθεν
231 296 337 350 νόες,
366 299 517 353 φωνῶν
535 299 610 338 νῦν
639 295 804 350 αἴρεται
820 290 997 349 ἀσήμων
1017 297 1190 351 κραυγή,
1220 295 1293 337 καί
1307 295 1354 337 τὸ
1388 298 1482 337 δαι-

3 379 6 381 ·
37 361 174 418 μόνων
201 360 400 418 ἕῳὴὃεται
429 364 589 417 φῦλον,
632 360 814 416 σιγώσας
843 361 953 416 ὁρῶν
981 360 1204 415 παννύχιον
1233 363 1349 419 ᾠδῶν
1376 359 1482 415 ὑπη-

37 431 206 480 ρέτιδας
234 427 431 482 γλώττας.
488 428 635 480 οἱζιιοι]
662 430 749 476 πῶς
780 423 832 469 ἂν
861 429 1069 481 α’δακρυτὶ
1093 427 1168 482 τήν
1194 427 1350 469 τούτων
1375 426 1481 481 μνή-

37 510 123 549 μην
154 495 382 547 ἐνέγκοιμι,·
425 492 528 535 ἔνθα
557 495 640 545 ζῶν
681 491 806 543 αὐτὸς
833 491 854 535 ὃ
881 495 976 534 καθ’
1006 490 1118 547 ἡμᾶς
1146 494 1199 534 δι’
1231 493 1341 547 ἡμᾶς
1367 493 1482 546 γενό-

0 555 160 614 Ιδμενος
188 562 460 614 καθεωρᾶτο,
506 558 638 615 δῆμός
665 574 710 600 τε
746 561 1037 601 συνεστέλλετο
1077 560 1244 610 βλέπειν
1271 559 1481 613 ἀγγέλων,

38 623 141 680 ἔργα
168 626 489 675 τοϊς-ἀντιθέοις
517 627 779 680 παρανομίας
808 626 1026 677 τολμᾶται.
1052 626 1125 667 καί
1152 626 1326 678 σκηπτοί
1353 625 1478 679 ου’ρα·
1495 635 1563 678 379

39 691 167 742 νόθεν
206 690 256 731 ού
296 693 616 747 καταφέρονται.
685 686 725 732 αἶ’
749 690 883 732 τόπων
921 693 1008 748 θεῷ
1036 692 1379 746 α’φωσιωμένων]
1434 689 1484 744 ἣν

38 758 275 800 &naevum
304 758 426 798 θείαν
453 755 677 814 α’φῄρησθε
702 755 854 811 χάριν,
896 757 968 798 καί
1003 762 1090 805 τοῖς
1115 760 1338 811 τολμηταΐς
1367 753 1485 809 παραὶ

41 824 205 878 φαῦλον
225 824 454 876 λογίζεσθε.
509 818 545 863 οὒ
575 825 662 872 πῶς
689 821 711 862 0‘
745 825 818 877 τῆς
847 823 1074 876 εὐημερίας
1092 821 1193 876 ἡμῖν
1220 820 1366 875 καιρός
1393 824 1487 863 ἐπι-

41 890 199 936 θέσεως
215 887 288 928 καί
302 889 569 943 καταδρομῆς
587 890 740 941 γέγονε,
761 889 835 929 καί
852 890 1200 942 καταλειφθέντες
1218 887 1398 940 αἰσχύνη
1417 886 1489 928 καί

41 947 201 1002 ὄνειδος
217 951 488 1008 γεγενήμεθα.
519 953 705 1006 οἴχονται
722 952 988 1008 πανηγύρεις,
1009 952 1194 1006 οἴχονται
1214 953 1342 994 θείων
1370 955 1490 994 ἐκτυ-

41 1019 254 1072 πωμὰτων
281 1019 586 1074 λαμπρότητες.
616 1019 807 1061 α’πόλωλε
840 1018 1067 1074 παρρησία.
1109 1018 1154 1060 τὸ
1181 1021 1262 1061 τῶν
1288 1020 1488 1072 μοναχαῖν

42 1083 298 1141 α’πελήλαται
314 1085 466 1139 τάγμα,
483 1087 554 1126 καί
567 1086 712 1127 πολιαί
724 1089 1014 1140 πρεσβυτέρων
1028 1087 1100 1127 καί
1116 1082 1322 1127 διακόνων
1340 1085 1489 1137 σεμνό-

43 1168 117 1207 της
135 1153 179 1194 ἐν
194 1158 278 1200 τοῖς
291 1153 451 1203 α’τιζιιοις
466 1153 708 1206 λογίζονται.
732 1147 803 1206 ἆρ’
819 1149 895 1192 οὔκ
911 1150 1087 1206 α’βίωτος
1104 1149 1124 1192 ὃ
1140 1152 1230 1204 βίος
1250 1151 1368 1206 ἡμῶν
1386 1153 1490 1204 ἐστι’,

44 1219 117 1259 καί
146 1211 269 1271 ἦττον
296 1220 369 1259 τοῦ
407 1219 481 1270 ζῆν
510 1216 556 1258 τὸ
596 1221 740 1259 θανεῖν
771 1218 862 1260 ἐστι’
888 1223 1054 1271 πικραῖς
1080 1214 1190 1259 οὕτω
1217 1219 1490 1270 βαλλομένοις

43 1285 139 1325 καθ’
158 1279 336 1338 ἑκάστην
355 1279 546 1335 ὂδύναιςς
566 1279 673 1338 ἦπου
690 1298 736 1337 γε
760 1283 909 1332 πάντες
931 1279 983 1324 ἄν
1001 1299 1072 1335 μοι
1091 1286 1430 1340 συμφθέγξαιντο
1451 1282 1497 1325 οἳ

43 1347 221 1402 πάσχειν
247 1351 291 1390 ἐν
317 1354 401 1397 τοῖς
431 1350 630 1398 τοιούτοις
658 1349 913 1405 πεφύκεσαν.
970 1347 1159 1404 ἠπόρησα
1195 1345 1268 1391 οὖν
1293 1348 1492 1400 πολλάκις

43 1418 133 1456 κατ’
167 1413 350 1467 ἐμαυτὸν
378 1411 475 1455 ἄνθ’
501 1411 597 1456 ὅτου
626 1416 775 1468 ταῦτα,
814 1417 888 1456 καί
914 1416 1001 1464 πῶς
1030 1417 1089 1463 εἰς
1116 1417 1312 1457 τοσοῦτον
1338 1412 1491 1471 ἥκομεν

43 1482 325 1535 κακοπραγίας
350 1478 389 1521 οἱ
416 1480 679 1529 πεπονθότες.
737 1481 810 1523 καί
836 1476 961 1536 εὗρον
993 1479 1146 1523 λύοντοὶ
1177 1496 1248 1534 μοι
1278 1479 1350 1523 τὸν
1377 1483 1494 1522 θεῖον

44 1545 165 1600 λόγον
192 1544 268 1600 την
299 1546 501 1599 ἀπορίαν,
536 1545 704 1588 “eorm’'
746 1548 915 1601 λέγοντα
941 1546 994 1600 “ἦ
1024 1549 1075 1602 γῆ
1103 1545 1220 1599 ὑμῶν
1245 1544 1396 1602 ἔρημος
1424 1546 1495 1588 καὶ

42 1610 91 1654 αἱ
135 1612 332 1659 ἐπαύλεις
361 1610 480 1665 ὑμῶν
509 1611 682 1667 ἔρημοι,
727 1609 790 1654 ὅτι
831 1612 950 1666 ὑμεῖς
989 1611 1244 1668 ἐπορεύθητε
1287 1611 1392 1666 πρὸς
1420 1613 1494 1664 ἐμὲ

43 1678 226 1732 πλάγιοι,
256 1675 367 1732 κάγώ
399 1676 657 1734 πορεύσομαι
684 1678 789 1735 πρὸς
816 1678 927 1733 ὑμᾶς
956 1681 1000 1722 ἑν
1025 1681 1150 1738 θυμῷ
1176 1678 1373 1736 πλαγίῳ.”
1429 1676 1494 1721 ἔν·

0 665 2 698 ’ν

47 1878 121 1902 rum
148 1866 265 1912 fragor
288 1867 488 1901 sustollitur
516 1874 552 1902 et
576 1869 789 1903 daemonum
807 1869 936 1903 chorea
961 1870 1148 1910 subsultat,
1179 1869 1261 1902 dum
1289 1869 1494 1904 cantionum

46 1919 158 1949 totam
173 1920 314 1948 noctem
330 1915 580 1960 pervigilantes
607 1917 830 1950 administras
849 1917 986 1961 linguas
1011 1918 1202 1950 taciturnus
1218 1917 1402 1961 conspicit.
1431 1928 1494 1949 vae

46 1961 152 1995 mihi!
181 1974 250 2007 qua
269 1963 407 1995 ratione
423 1962 558 2007 absque
575 1964 726 1996 lacrimis
741 1975 860 1996 eorum
879 1965 1083 1997 memoriam
1098 1964 1278 2008 repetam?
1299 1963 1357 1995 ubi
1375 1963 1493 1996 vivens

45 2008 138 2054 ipse,
156 2009 229 2052 qui,
248 2010 337 2042 sicut
360 2021 434 2050 nos,
455 2016 601 2054 propter
617 2023 680 2043 nos
698 2011 822 2051 factus,
842 2011 1130 2055 conspiciebatur
1148 2017 1183 2043 et
1201 2010 1403 2053 angelorum
1430 2021 1494 2042 co-

46 2056 130 2101 piae
149 2055 269 2088 videre
284 2056 597 2100 pertimescebant,
614 2058 688 2090 illic
706 2058 749 2090 ab
771 2058 890 2102 impiis
910 2058 984 2091 dira
1000 2058 1156 2091 facinora
1171 2063 1436 2102 perpetrantur3
1458 2061 1496 2089 et

46 2102 199 2136 fulmina
216 2102 260 2135 de
276 2103 375 2135 caelo
398 2114 471 2135 non
491 2103 649 2137 eadunt?
678 2117 698 2138 o
726 2105 801 2138 loca
826 2104 893 2137 deo
908 2105 1130 2138 consecrata!
1158 2115 1225 2149 qua
1242 2103 1494 2144 abundabatis,

0 2156 3 2163 '
47 2148 167 2182 divina
184 2151 294 2194 gratia
320 2151 539 2195 spoliamini,
568 2157 604 2184 et
630 2152 752 2196 pipulo
780 2164 798 2184 a
825 2153 1021 2185 temerariis
1039 2151 1257 2184 disterimini.
1310 2150 1393 2189 lieu,
1422 2161 1494 2195 quo

0 2198 2 2204 '
45 2196 153 2230 modo
167 2197 411 2242 prosperitatis
432 2202 568 2242 tempus
584 2199 815 2242 aggressionis
837 2205 872 2231 et
896 2199 1106 2232 incursionis
1131 2199 1260 2230 factum
1284 2203 1347 2237 est,
1365 2203 1399 2229 et
1417 2209 1494 2237 nos,

0 2245 4 2252 '
46 2244 110 2288 qui
138 2244 385 2284 remansimus,
420 2238 650 2289 opprssbrium
693 2251 728 2278 et
753 2245 925 2278 infamia!
985 2245 1106 2278 abiere
1132 2245 1268 2289 publici
1299 2249 1494 2276 conventus

47 2296 84 2324 et
110 2290 351 2331 celebritates,
380 2290 500 2323 abiere
526 2291 723 2324 divinarum
752 2293 942 2336 effigiei-um
977 2291 1197 2337 splendores.
1248 2292 1356 2336 periit
1380 2291 1493 2323 liber-

45 2341 122 2377 tas,
157 2337 410 2370 monachorum
448 2345 570 2371 coetus
602 2339 736 2372 ciectus
761 2346 835 2381 εει,
868 2339 1155 2383 presbyterorum
1180 2338 1324 2371 canities
1355 2343 1391 2370 et
1417 2338 1495 2369 dia-

46 2392 216 2418 conorum
243 2385 391 2428 gravitas
416 2386 572 2418 omnium
596 2387 760 2419 irrisione
789 2386 992 2419 laeduntur.
1042 2397 1086 2418 an
1110 2396 1183 2418 non
1208 2386 1279 2417 vita
1299 2384 1494 2417 iniucunda

48 2436 86 2464 et
110 2431 248 2471 acerba,
276 2432 464 2476 minusque
493 2439 546 2465 est
572 2433 674 2465 nobis
693 2434 802 2465 emori
830 2445 933 2478 quam
954 2434 1082 2471 vivere,
1109 2437 1164 2465 tot
1191 2431 1278 2464 diris
1305 2431 1492 2463 doloribus

6 2486 10 2492 '
47 2477 213 2524 quotidie
240 2477 443 2522 oppressis?
502 2491 585 2511 sane
603 2505 612 2518 ,
638 2480 729 2512 idem
767 2485 875 2525 atque
903 2491 967 2522 ego
1003 2479 1161 2512 sentient
1187 2479 1247 2522 qui
1275 2478 1428 2523 compati
1457 2479 1494 2511 in

48 2524 223 2558 similibus
260 2524 429 2558 assolent.
493 2527 634 2570 saepius
671 2527 792 2571 itaque
827 2539 959 2559 mecum
993 2526 1068 2570 ipse
1104 2525 1314 2558 addubitavi
1350 2523 1493 2569 quade

48 2582 153 2604 causa
180 2570 267 2604 haec
299 2571 402 2604 nobis
436 2571 648 2606 obvenerint
687 2579 722 2606 et
750 2586 818 2618 qua
848 2573 986 2606 ratione
1021 2573 1056 2604 in
1083 2578 1180 2604 tanta
1208 2573 1299 2604 mala
1327 2571 1492 2604 incideri-

47 2628 145 2660 mus;
172 2618 365 2663 invenique
397 2617 612 2652 dubitationi
654 2631 753 2652 meae
779 2621 864 2653 satis
892 2621 964 2651 {ieri
1002 2631 1020 2651 a
1049 2618 1170 2651 divino
1200 2619 1359 2663 eloquio,
1379 2616 1493 2651 “erit'’

49 2663 190 2697 dicente
211 2664 330 2698 “terra
359 2670 475 2698 vestra
502 2665 640 2699 deserta
669 2673 705 2699 et
731 2668 836 2700 villae
866 2673 1001 2699 vestrae
1028 2665 1202 2705 desertae,
1230 2666 1400 2710 quoniam
1434 2677 1492 2697 vos

49 2711 291 2745 ambulavistis
326 2711 371 2744 ad
408 2723 464 2744 me
501 2712 663 2758 obliqui,
709 2720 745 2746 et
771 2726 835 2757 ego
859 2712 1048 2745 ambulabo
1084 2712 1213 2745 advos
1241 2713 1276 2745 in
1310 2712 1491 2744 iracundia

51 2757 233 2804 obliqua.’'
283 2757 366 2792 hinc
386 2760 488 2805 plura
515 2759 654 2794 dicendi
674 2761 779 2794 finem
805 2762 937 2794 faciens
963 2759 1144 2793 silentium
1168 2760 1344 2806 praefero.
1394 2770 1492 2793 nam-
