1806 3190
318 175 332 208 Ι
356 174 417 208 12
716 168 943 210 GEORGll
981 164 1300 208 PHRANTZAE

307 270 403 323 περὶ
430 268 481 313 τά
512 266 756 312 Κουτούλου
795 262 924 322 ἦλθον
959 269 1046 320 μετ’
1075 267 1232 308 ἐκείνου
1261 267 1338 316 ἕως
1369 266 1446 308 τοῦ
1474 266 1625 308 διπλοῦ
1653 268 1741 310 nlo-
1788 319 1790 321 ‚

306 352 374 387 νος
392 353 402 365 ·
462 337 532 377 καί
559 337 610 376 δι’
638 330 818 388 ὅληςτῆς
847 331 947 374 ὅὸοΰ
972 333 1120 384 ὦμίλει
1147 329 1169 374 ὃ
1187 332 1353 387 α’μηρᾶς
1378 329 1482 385 μετὰ
1506 332 1581 374 τοῦ
1604 335 1741 375 Asuv-
1795 351 1797 355 ·

307 403 427 459 τὰρη.
487 404 617 444 ἐκεῖσε
643 398 740 454 περὶ
766 397 838 440 τὸν
865 399 1038 441 διπλοῦν
1066 400 1180 441 κιόνα
1208 396 1364 453 εὑρέθη
1392 398 1466 439 καί
1492 395 1742 456 ᾇβασιλεὺς
1783 389 1799 413 ¹

309 466 389 510 στὶν
413 474 495 516 τοῖς
523 464 628 516 υἱοῖς
655 464 790 508 αὑτοῦ
816 462 860 506 ἔν
876 479 955 506 τινι
974 463 1150 520 τριήρει,
1175 462 1343 518 ἔχοντες
1360 462 1434 505 καί
1458 460 1604 519 ἑτέραν
1627 461 1744 519 ἡτοι-

307 536 521 589 μασμένην
543 533 789 587 βασιλικῶς,
818 526 926 583 ὅπως
954 531 1008 572 δι’
1037 531 1168 586 αὐτῆς
1200 531 1345 588 διέλθῃ
1376 529 1399 571 ὅ
1428 529 1610 584 α’μηρᾶς.
1666 529 1787 594 ε’μ·5·-ἶ

305 600 385 651 βάς
415 596 488 641 οὖν
522 598 543 641 ὅ
572 601 739 655 α’μηρᾶς
769 599 813 641 ἒν
841 599 939 655 τῇδε
965 599 1013 655 τῇ
1041 597 1227 652 τριήρει,
1257 594 1361 650 πρὸς
1389 593 1595 649 ἀλλήλους
1622 594 1667 636 ἐν
1690 594 1743 650 τῇ

304 662 496 722 θαλάσσῃ
546 666 882 720 χαιρετισθέντες
927 661 1227 718 ήσπάσθήσαν,
1266 663 1434 710 ἕκαστος
1476 660 1522 703 ἒν
1563 660 1612 717 τῇ
1656 657 1744 715 ἰδίᾳ

253 748 257 752 “
305 728 463 787 τριήρει
492 726 573 774 div·
630 732 702 772 καί
732 729 970 783 ὁμιλοῦντες
988 725 1117 784 ἦλθον
1139 724 1240 783 ἄχρι
1268 730 1339 783 τῆς
1363 727 1519 776 Ἀσιάς
1547 719 1641 782 ἦτοι
1668 725 1744 780 τῆς

306 799 507 853 α’νατολῆς
540 799 671 852 πέραν
688 829 700 847 ,
731 793 836 838 ὅπου
880 795 932 838 τὰ
957 798 1030 838 νῦν
1057 794 1265 848 Σκούταρι
1293 791 1567 848 ὀνομάζεται,
1594 789 1743 847 πρότε-

306 879 377 920 ρον
408 865 454 906 δὲ
482 861 766 919 Χρυσόπολις.
846 864 996 911 ἐκεῖνος
1023 862 1101 915 μὲν
1129 859 1308 912 ἐξελθών
1334 862 1405 916 τῆς
1430 857 1631 915 τριήρεως
1659 859 1744 900 εἰσ·
1760 876 1806 914 1ss

303 933 432 985 ἦλθεν
474 930 533 978 εἰς
574 928 646 978 τὰς
673 928 828 983 σκηνάς
868 924 963 983 ἤτοι
993 926 1259 981 παρεμβολάς
1300 925 1376 977 τὰς
1417 926 1532 982 αὐτῷ
1556 939 1746 981 προετοι-
1796 963 1806 969 ,,

304 998 555 1048 μασθείσας,
586 994 609 1035 ὅ
640 996 686 1036 δὲ
713 993 912 1048 βασιλεὺς
941 995 1013 1035 καί
1040 991 1078 1034 οἱ
1108 991 1194 1034 υἱοὶ
1218 993 1353 1034 αὐτοῦ
1379 990 1499 1034 ἔνδον
1530 993 1611 1034 τῶν
1633 989 1746 1046 τριή-
1799 998 1802 999 ’

305 1077 412 1116 ρεων
441 1057 589 1116 ἤσθιον
630 1058 702 1102 καὶ
730 1060 893 1111 ἔπινον,
924 1060 998 1100 καί
1038 1056 1271 1108 ἀποστολὰς
1297 1060 1529 1114 τροφίμους
1555 1053 1616 1107 εἷς
1645 1054 1747 1111 πρὸς
1790 1086 1806 1093 ,-

303 1125 375 1169 τὸν
402 1128 542 1182 ἕτερον
568 1126 830 1169 ἀπέστελλον.
905 1123 1004 1179 περὶ
1044 1120 1119 1166 οὖν
1149 1122 1222 1166 τὸν
1263 1121 1483 1178 ἑσπερινόν
1517 1121 1539 1164 ὅ
1580 1123 1748 1178 οἴμηρᾶς

305 1191 487 1249 ἔφιππος
513 1194 674 1248 α’πῆλθε
703 1191 776 1234 καί
806 1191 844 1233 οἱ
873 1189 952 1234 σὺν
981 1191 1097 1248 αὐτῷ
1124 1191 1193 1232 διὰ
1221 1192 1292 1246 τῆς
1321 1189 1425 1232 ὁδοῦ
1450 1189 1522 1245 τῆς
1549 1190 1650 1244 περὶ
1673 1186 1749 1244 τήν
1767 1183 1806 1250 ι’.

307 1258 594 1314 Νικομήδειαν
629 1257 864 1314 φερούσης,
908 1255 932 1299 ὅ
977 1258 1022 1299 δὲ
1058 1254 1259 1310 βασιλεύς
1293 1258 1365 1300 καί
1403 1253 1443 1298 οἱ
1486 1254 1572 1296 υἱοί
1614 1254 1751 1297 αὐτοῦ

305 1324 496 1379 ἀπῆλθον
524 1323 677 1366 οἴκαδε.

418 1392 485 1432 38.
547 1392 615 1446 Τῷ
644 1391 690 1432 δὲ
719 1387 815 1445 ἔαρι
837 1390 913 1432 τοῦ
939 1389 1071 1432 αὐτοῦ
1097 1388 1214 1438 ἔτους
1243 1390 1561 1445 ἐπαναστρέψας
1588 1386 1611 1430 ὅ
1642 1388 1752 1444 α’μη-
1797 1390 1806 1427 Ξ

303 1458 380 1509 ρᾶς
409 1457 468 1505 εἷς
496 1455 573 1510 τήν
615 1454 737 1497 δύσιν
781 1454 851 1497 διὰ
885 1457 958 1509 τῆς
997 1454 1102 1497 ὁδοῦ
1135 1457 1207 1510 τῆς
1238 1454 1591 1503 Καλλιουπόλεως
1617 1454 1752 1509 dnm.-
1795 1467 1806 1515 ,ξ

302 1525 380 1563 θεν
411 1522 470 1570 εἷς
505 1521 576 1576 τήν
600 1517 980 1576 Ἀνδριανούηολιν
1001 1537 1011 1548 ·
1068 1518 1090 1561 ὅ
1121 1522 1166 1563 δὲ
1194 1520 1395 1575 βασιλεῦς
1422 1518 1649 1574 ἑτοιμάσας
1677 1518 1806 1578 *stiva*

306 1585 542 1641 Λεοντάριν
572 1585 815 1643 Δημήτριον
850 1586 953 1642 πρὸς
981 1589 1135 1630 ἐκεῖνον
1163 1589 1423 1641 α’πὲστειλεν,
1451 1586 1519 1630 ἵνα
1547 1589 1646 1642 περὶ
1671 1587 1752 1628 τῶν
1796 1596 1806 1634 .’

306 1653 683 1708 προμελετωμένων
720 1652 840 1710 μάθῃ
882 1654 954 1695 καί
988 1655 1101 1712 αὐτῷ
1141 1651 1405 1711 προμηνύσῃ,
1436 1651 1484 1696 ὃν
1511 1655 1584 1696 καί
1611 1654 1751 1710 ἐλέγξῃ
1795 1657 1806 1697 ‘j

397 1774 430 1807 3.
457 1774 564 1823 περὶ]
592 1774 631 1810 δὲ
653 1775 705 1813 εἰς
731 1774 754 1808 Ρ
870 1785 903 1818 9.
928 1775 1137 1824 Σκούταρις
1160 1776 1199 1809 Μ
1319 1779 1372 1812 15.
1399 1775 1486 1811 gni?
1607 1778 1657 1810 18.
1679 1775 1735 1810 38.
1792 1737 1806 1790 ξ

399 1821 455 1856 κθ’
479 1821 505 1855 Ρ
623 1822 978 1869 ἐπαναστρέψαντος
999 1823 1062 1858 τοῦ
1088 1822 1212 1870 (ἷμηρᾶ
1236 1823 1274 1857 Μ
1389 1833 1444 1856 22.
1466 1823 1532 1857 καὶ
1555 1820 1606 1862 ὥς
1626 1823 1703 1870 λέξῃ
1792 1824 1806 1870 j

1792 1874 1806 1970 ἐ

308 1933 458 1968 ducibus
491 1938 528 1967 et
560 1934 738 1968 militibus
778 1935 1058 1981 muneribusque
1090 1937 1205 1981 regiis.
1238 1936 1330 1969 circa
1361 1936 1528 1969 Cutulum
1566 1935 1663 1969 obvii
1697 1935 1753 1968 fa-

306 1982 368 2022 cti,
392 1982 574 2025 prosecuti
599 1993 678 2015 eum
699 1988 782 2015 sunt
807 1983 852 2015 ad
877 1982 1054 2028 duplicem
1079 1984 1297 2016 columnam:
1323 1994 1394 2028 quo
1419 1988 1496 2016 toto
1521 1983 1652 2016 itinere
1676 1993 1754 2016 ser-

305 2038 450 2060 monem
474 2039 609 2062 ameras
637 2029 844 2062 conserebat
867 2042 945 2062 cum
966 2030 1142 2063 Leontari.
1167 2031 1244 2063 illic
1260 2031 1367 2063 etiam
1391 2030 1586 2075 imperator
1611 2035 1648 2064 et
1675 2031 1754 2063 eius

306 2075 374 2107 filii
398 2075 436 2107 in
458 2076 592 2108 triremi
619 2076 786 2117 aderant,
813 2088 890 2109 cum
915 2077 983 2109 alia
1009 2078 1145 2111 triremi
1168 2078 1267 2111 cultu
1292 2075 1401 2121 regali
1425 2082 1560 2117 ornata,
1586 2088 1658 2122 qua
1674 2077 1755 2110 Me—
1789 2107 1796 2121 >‚

305 2120 467 2155 hemetes
504 2122 707 2156 veheretur.
745 2134 820 2156 eam
846 2129 1034 2169 postquam
1060 2124 1271 2158 conscendit
1294 2135 1451 2166 ameras,
1474 2124 1627 2157 invicem
1651 2135 1689 2157 se
1715 2124 1755 2158 iu
1790 2131 1795 2165 2

306 2168 397 2201 mari
432 2169 720 2210 consalutarunt,
749 2170 787 2202 in
811 2181 873 2203 sua
899 2172 1051 2216 quisque
1079 2172 1217 2205 triremi
1241 2172 1343 2205 vecti.
1374 2171 1495 2216 itaque
1523 2171 1618 2204 inter
1638 2171 1756 2205 collo-

308 2215 492 2260 quendum
515 2216 563 2249 ad
584 2218 690 2250 Asiae
709 2227 773 2250 seu
798 2218 948 2251 orientis
973 2218 1058 2251 litus
1082 2215 1333 2264 perimerunt,
1358 2216 1421 2250 ubi
1444 2217 1529 2251 urbs
1563 2224 1635 2260 est,
1661 2229 1755 2264 quae
1789 2226 1794 2236 ³

309 2262 406 2306 prius
432 2262 683 2308 Chrysopolis,
718 2275 815 2297 nunc
850 2264 988 2298 Scutari
1018 2266 1156 2299 dicitur.
1191 2265 1243 2298 ibi
1268 2275 1403 2298 ameras
1429 2275 1448 2297 e
1475 2266 1614 2298 triremi
1638 2277 1758 2311 egres·
1789 2275 1791 2286 ἱ

310 2320 382 2349 sus,
406 2309 444 2342 in
466 2311 623 2343 tentoria
650 2312 723 2343 sive
746 2310 977 2344 tabernacula
993 2312 1062 2344 sibi
1088 2318 1213 2357 parata
1237 2312 1433 2354 concessit;
1456 2312 1651 2356 imperator
1676 2314 1757 2346 cum
1792 2316 1794 2318 '

311 2354 396 2388 filiis
419 2356 459 2388 in
481 2357 686 2390 triremibus
710 2357 842 2391 edebat
865 2370 905 2391 ac
928 2358 1092 2393 bibebat:
1131 2365 1238 2404 atque
1274 2359 1426 2391 invicem
1452 2358 1521 2392 sibi
1546 2366 1664 2404 partes
1693 2359 1759 2392 ‹le-
1790 2358 1791 2363 ¹

311 2401 435 2435 licatas
463 2403 667 2438 mittebant.
691 2404 756 2437 sub
792 2415 974 2450 vesperam
1003 2417 1162 2446 amen-as,
1200 2416 1304 2451 equo,
1317 2405 1500 2447 insidens,
1529 2412 1566 2439 et
1591 2407 1654 2451 qui
1677 2417 1758 2440 eum

313 2447 588 2491 comitabantur,
619 2451 865 2485 Nicomediam
899 2464 1021 2486 versus
1049 2452 1237 2495 abierunt,
1261 2453 1454 2498 imperator
1478 2464 1557 2486 cum
1576 2454 1662 2487 filiis
1687 2453 1758 2487 ‹lo—
1789 2459 1791 2476 ³

313 2506 410 2528 mum
435 2495 608 2531 discessit.
1789 2498 1792 2506 ²

409 2544 465 2576 38.
511 2544 605 2578 Vere
642 2544 801 2578 eiusdem
839 2545 925 2578 anni
960 2549 1140 2578 revertens
1181 2556 1314 2578 ameras
1347 2546 1386 2578 in
1410 2545 1651 2586 occidentem,
1674 2545 1757 2586 via,
1782 2555 1793 2572 τ·

315 2598 409 2633 quae
433 2595 529 2624 trans
554 2591 781 2637 Calliopolim
807 2590 927 2633 ducit,
961 2590 1236 2637 Adrianopolim
1267 2593 1448 2637 profectus
1475 2598 1538 2626 est.
1563 2593 1759 2637 imperator
1787 2611 1790 2612 ν

315 2634 363 2667 ad
388 2646 468 2669 eum
500 2638 683 2683 expedivit
720 2639 942 2672 Demetrium
974 2639 1197 2680 Leontarim‚
1233 2644 1295 2681 ut,
1322 2651 1413 2684 quae
1439 2640 1565 2672 inisset
1589 2639 1757 2680 consilia,
1784 2656 1787 2674 :

315 2690 546 2726 cognosceret
565 2685 708 2730 sibique
744 2686 989 2727 renuntiaret,
1031 2697 1184 2731 eumque
1217 2686 1262 2719 de
1287 2687 1396 2732 gratia
1421 2691 1458 2720 et
1480 2685 1639 2727 honore,
1665 2695 1760 2731 quae
1787 2713 1791 2716 .

318 2728 351 2761 ei
374 2731 627 2773 praestitisset,
660 2738 696 2765 et
731 2732 776 2766 de
803 2733 1065 2767 transvectione
1100 2739 1282 2774 moneret,
1318 2733 1456 2778 legatus
1484 2738 1561 2768 tum
1583 2741 1759 2779 personae
