<?xml version="1.0" encoding="UTF-8"?>
<!DOCTYPE html PUBLIC "-//W3C//DTD XHTML 1.0 Transitional//EN"
    "http://www.w3.org/TR/xhtml1/DTD/xhtml1-transitional.dtd">
<html xmlns="http://www.w3.org/1999/xhtml" xml:lang="en" lang="en">
 <head>
  <title>
</title>
<meta http-equiv="Content-Type" content="text/html;charset=utf-8" />
  <meta name='ocr-system' content='tesseract 3.04.00' />
  <meta name='ocr-capabilities' content='ocr_page ocr_carea ocr_par ocr_line ocrx_word'/>
</head>
<body>
  <div class='ocr_page' id='page_1' title='image "./corpusscriptorum19niebuoft_0153.png"; bbox 0 0 1806 3190; ppageno 0'>
   <div class='ocr_carea' id='block_1_1' title="bbox 552 151 1520 215">
    <p class='ocr_par' dir='ltr' id='par_1_1' title="bbox 552 151 1520 215">
     <span class='ocr_line' id='line_1_1' title="bbox 552 151 1520 215; baseline -0.008 -4"><span class='ocrx_word' id='word_1_1' title='bbox 552 173 649 213; x_wconf 76' lang='lat' dir='ltr'><em>Lm.</em></span> <span class='ocrx_word' id='word_1_2' title='bbox 670 173 723 212; x_wconf 89' lang='lat'><em>11.</em></span> <span class='ocrx_word' id='word_1_3' title='bbox 765 171 880 211; x_wconf 77' lang='lat' dir='ltr'>CAP.</span> <span class='ocrx_word' id='word_1_4' title='bbox 905 172 960 210; x_wconf 74' lang='lat' dir='ltr'><em>vv.</em></span> <span class='ocrx_word' id='word_1_5' title='bbox 1387 174 1389 177; x_wconf 47' lang='lat'><strong>⁴</strong></span> <span class='ocrx_word' id='word_1_6' title='bbox 1426 170 1443 204; x_wconf 87' lang='lat'>1</span> <span class='ocrx_word' id='word_1_7' title='bbox 1456 151 1520 215; x_wconf 66' lang='lat'><em>4¹</em></span> 
     </span>
    </p>
   </div>
   <div class='ocr_carea' id='block_1_2' title="bbox 27 265 1546 1572">
    <p class='ocr_par' dir='ltr' id='par_1_2' title="bbox 27 265 1537 652">
     <span class='ocr_line' id='line_1_2' title="bbox 98 265 1536 329; baseline -0.004 -14"><span class='ocrx_word' id='word_1_8' title='bbox 98 274 288 329; x_wconf 72' lang='grc' dir='ltr'><em>ἀδελφας</em></span> <span class='ocrx_word' id='word_1_9' title='bbox 319 273 389 312; x_wconf 81' lang='grc' dir='ltr'><em>καί</em></span> <span class='ocrx_word' id='word_1_10' title='bbox 420 269 463 312; x_wconf 85' lang='grc' dir='ltr'><em>ὃν</em></span> <span class='ocrx_word' id='word_1_11' title='bbox 487 271 785 324; x_wconf 66' lang='grc' dir='ltr'><em>ἐμνηστεύσατο</em></span> <span class='ocrx_word' id='word_1_12' title='bbox 810 270 869 316; x_wconf 80' lang='grc' dir='ltr'><em>εἰς</em></span> <span class='ocrx_word' id='word_1_13' title='bbox 896 266 1028 323; x_wconf 70' lang='grc' dir='ltr'><em>ἄνδρα</em></span> <span class='ocrx_word' id='word_1_14' title='bbox 1058 265 1147 320; x_wconf 76' lang='grc' dir='ltr'><em>ἅμα</em></span> <span class='ocrx_word' id='word_1_15' title='bbox 1179 273 1264 318; x_wconf 79' lang='grc' dir='ltr'><em>τοῖς</em></span> <span class='ocrx_word' id='word_1_16' title='bbox 1286 270 1435 322; x_wconf 73' lang='grc' dir='ltr'><em>παισί,</em></span> <span class='ocrx_word' id='word_1_17' title='bbox 1466 267 1536 311; x_wconf 81' lang='grc' dir='ltr'><em>καί</em></span> 
     </span>
     <span class='ocr_line' id='line_1_3' title="bbox 40 333 1535 392; baseline -0.004 -12"><span class='ocrx_word' id='word_1_18' title='bbox 40 389 41 392; x_wconf 13' lang='lat'>¹</span> <span class='ocrx_word' id='word_1_19' title='bbox 100 340 341 380; x_wconf 76' lang='grc' dir='ltr'><em>ἀπελθοῦσα</em></span> <span class='ocrx_word' id='word_1_20' title='bbox 370 338 427 385; x_wconf 79' lang='grc' dir='ltr'><em>εἰς</em></span> <span class='ocrx_word' id='word_1_21' title='bbox 459 336 762 389; x_wconf 77' lang='grc' dir='ltr'><em>Θεσσαλονίκην</em></span> <span class='ocrx_word' id='word_1_22' title='bbox 786 341 923 387; x_wconf 72' lang='grc' dir='ltr'><em>γέγονε</em></span> <span class='ocrx_word' id='word_1_23' title='bbox 952 333 1115 388; x_wconf 73' lang='grc' dir='ltr'><em>μοναχῆ</em></span> <span class='ocrx_word' id='word_1_24' title='bbox 1133 367 1144 387; x_wconf 85' lang='grc'><strong><em>,</em></strong></span> <span class='ocrx_word' id='word_1_25' title='bbox 1182 335 1254 375; x_wconf 80' lang='grc' dir='ltr'>καί</span> <span class='ocrx_word' id='word_1_26' title='bbox 1274 334 1319 375; x_wconf 78' lang='grc' dir='ltr'><em>ἐν</em></span> <span class='ocrx_word' id='word_1_27' title='bbox 1346 333 1535 389; x_wconf 80' lang='grc' dir='ltr'><em>ὑποταγῇ</em></span> 
     </span>
     <span class='ocr_line' id='line_1_4' title="bbox 27 396 1536 458; baseline -0.004 -12"><span class='ocrx_word' id='word_1_28' title='bbox 27 397 48 418; x_wconf 55' lang='grc'><em>’·</em></span> <span class='ocrx_word' id='word_1_29' title='bbox 78 405 232 458; x_wconf 54' lang='grc' dir='ltr'><em>Ῠαὐτῆς</em></span> <span class='ocrx_word' id='word_1_30' title='bbox 261 401 312 456; x_wconf 76' lang='grc' dir='ltr'><em>δη</em></span> <span class='ocrx_word' id='word_1_31' title='bbox 352 404 422 457; x_wconf 72' lang='grc' dir='ltr'><em>τῆς</em></span> <span class='ocrx_word' id='word_1_32' title='bbox 449 401 566 452; x_wconf 77' lang='grc' dir='ltr'><em>ὁσίας</em></span> <span class='ocrx_word' id='word_1_33' title='bbox 607 396 768 441; x_wconf 80' lang='grc' dir='ltr'><em>κάκεῖσε</em></span> <span class='ocrx_word' id='word_1_34' title='bbox 797 400 1070 452; x_wconf 82' lang='grc' dir='ltr'><em>α’πομείνασα.</em></span> <span class='ocrx_word' id='word_1_35' title='bbox 1134 402 1325 441; x_wconf 80' lang='grc' dir='ltr'><em>κοῐκεῖθεν</em></span> <span class='ocrx_word' id='word_1_36' title='bbox 1351 401 1396 441; x_wconf 76' lang='grc' dir='ltr'><em>δὲ</em></span> <span class='ocrx_word' id='word_1_37' title='bbox 1424 401 1536 450; x_wconf 77' lang='grc' dir='ltr'><em>ἐξελ-</em></span> 
     </span>
     <span class='ocr_line' id='line_1_5' title="bbox 99 463 1535 522; baseline -0.003 -12"><span class='ocrx_word' id='word_1_38' title='bbox 99 472 255 511; x_wconf 81' lang='grc' dir='ltr'><em>θοῦσαι</em></span> <span class='ocrx_word' id='word_1_39' title='bbox 283 466 327 509; x_wconf 84' lang='grc' dir='ltr'><em>αἱ</em></span> <span class='ocrx_word' id='word_1_40' title='bbox 358 473 467 522; x_wconf 83' lang='grc' dir='ltr'><em>τρεῖς</em></span> <span class='ocrx_word' id='word_1_41' title='bbox 498 465 568 508; x_wconf 79' lang='grc' dir='ltr'><em>καί</em></span> <span class='ocrx_word' id='word_1_42' title='bbox 589 463 716 518; x_wconf 86' lang='grc' dir='ltr'><em>μόναι</em></span> <span class='ocrx_word' id='word_1_43' title='bbox 745 466 787 506; x_wconf 85' lang='grc' dir='ltr'><em>ἐν</em></span> <span class='ocrx_word' id='word_1_44' title='bbox 815 467 867 521; x_wconf 84' lang='grc' dir='ltr'><em>τῇ</em></span> <span class='ocrx_word' id='word_1_45' title='bbox 897 468 1217 507; x_wconf 84' lang='grc' dir='ltr'><em>Κωνσταντίνου</em></span> <span class='ocrx_word' id='word_1_46' title='bbox 1246 466 1363 506; x_wconf 84' lang='grc' dir='ltr'><em>πόλει</em></span> <span class='ocrx_word' id='word_1_47' title='bbox 1393 463 1535 520; x_wconf 81' lang='grc' dir='ltr'><em>κατήν-</em></span> 
     </span>
     <span class='ocr_line' id='line_1_6' title="bbox 29 528 1534 590; baseline -0.003 -13"><span class='ocrx_word' id='word_1_48' title='bbox 29 528 230 590; x_wconf 58' lang='grc' dir='ltr'><em>,ξρὄτησαν</em></span> <span class='ocrx_word' id='word_1_49' title='bbox 267 534 380 590; x_wconf 77' lang='grc' dir='ltr'><em>α’ρχῇ</em></span> <span class='ocrx_word' id='word_1_50' title='bbox 419 535 461 574; x_wconf 84' lang='grc' dir='ltr'><em>έν</em></span> <span class='ocrx_word' id='word_1_51' title='bbox 503 534 553 588; x_wconf 83' lang='grc' dir='ltr'><em>τῇ</em></span> <span class='ocrx_word' id='word_1_52' title='bbox 589 533 697 588; x_wconf 81' lang='grc' dir='ltr'><em>μονῇ</em></span> <span class='ocrx_word' id='word_1_53' title='bbox 735 532 784 586; x_wconf 84' lang='grc' dir='ltr'><em>τῇ</em></span> <span class='ocrx_word' id='word_1_54' title='bbox 822 532 1156 587; x_wconf 77' lang='grc' dir='ltr'><em>ἐπονομαζομένῃ</em></span> <span class='ocrx_word' id='word_1_55' title='bbox 1195 533 1267 584; x_wconf 83' lang='grc' dir='ltr'><em>τῆς</em></span> <span class='ocrx_word' id='word_1_56' title='bbox 1308 534 1534 585; x_wconf 83' lang='grc' dir='ltr'><em>Κλερὲνας.</em></span> 
     </span>
     <span class='ocr_line' id='line_1_7' title="bbox 43 593 1537 652; baseline -0.001 -12"><span class='ocrx_word' id='word_1_57' title='bbox 43 599 45 602; x_wconf 71' lang='grc'><strong>’</strong></span> <span class='ocrx_word' id='word_1_58' title='bbox 101 601 347 640; x_wconf 76' lang='grc' dir='ltr'><em>διαδοθεῑσα</em></span> <span class='ocrx_word' id='word_1_59' title='bbox 391 601 436 640; x_wconf 74' lang='grc' dir='ltr'><em>δὲ</em></span> <span class='ocrx_word' id='word_1_60' title='bbox 477 598 501 652; x_wconf 84' lang='grc' dir='ltr'><em>ἦ</em></span> <span class='ocrx_word' id='word_1_61' title='bbox 531 593 653 651; x_wconf 79' lang='grc' dir='ltr'><em>ἇρετὴ</em></span> <span class='ocrx_word' id='word_1_62' title='bbox 683 598 755 650; x_wconf 75' lang='grc' dir='ltr'><em>τῆς</em></span> <span class='ocrx_word' id='word_1_63' title='bbox 793 595 910 645; x_wconf 84' lang='grc' dir='ltr'><em>ὁσίας</em></span> <span class='ocrx_word' id='word_1_64' title='bbox 943 595 1015 636; x_wconf 82' lang='grc' dir='ltr'>καί</span> <span class='ocrx_word' id='word_1_65' title='bbox 1041 596 1066 649; x_wconf 82' lang='grc' dir='ltr'><em>ἦ</em></span> <span class='ocrx_word' id='word_1_66' title='bbox 1096 598 1154 645; x_wconf 84' lang='grc' dir='ltr'><em>εἰς</em></span> <span class='ocrx_word' id='word_1_67' title='bbox 1181 595 1257 650; x_wconf 78' lang='grc' dir='ltr'><em>τὴν</em></span> <span class='ocrx_word' id='word_1_68' title='bbox 1284 599 1408 639; x_wconf 87' lang='grc' dir='ltr'><em>θειάν</em></span> <span class='ocrx_word' id='word_1_69' title='bbox 1433 613 1537 652; x_wconf 81' lang='grc' dir='ltr'><em>γρα-</em></span> 
     </span>
    </p>

    <p class='ocr_par' dir='ltr' id='par_1_3' title="bbox 100 660 1541 720">
     <span class='ocr_line' id='line_1_8' title="bbox 100 660 1541 720; baseline -0.001 -14"><span class='ocrx_word' id='word_1_70' title='bbox 100 663 186 720; x_wconf 77' lang='grc' dir='ltr'><em>φήν</em></span> <span class='ocrx_word' id='word_1_71' title='bbox 218 666 345 718; x_wconf 67' lang='grc' dir='ltr'><em>αὐτῆς</em></span> <span class='ocrx_word' id='word_1_72' title='bbox 379 665 572 717; x_wconf 77' lang='grc' dir='ltr'><em>ἐμπειρία</em></span> <span class='ocrx_word' id='word_1_73' title='bbox 610 661 669 709; x_wconf 82' lang='grc' dir='ltr'><em>εἴς</em></span> <span class='ocrx_word' id='word_1_74' title='bbox 697 677 742 703; x_wconf 88' lang='grc' dir='ltr'><em>τε</em></span> <span class='ocrx_word' id='word_1_75' title='bbox 769 660 839 704; x_wconf 87' lang='grc' dir='ltr'><em>τὸν</em></span> <span class='ocrx_word' id='word_1_76' title='bbox 875 663 1051 714; x_wconf 82' lang='grc' dir='ltr'><em>βασιλέα</em></span> <span class='ocrx_word' id='word_1_77' title='bbox 1082 664 1154 702; x_wconf 66' lang='grc' dir='ltr'><em>καί</em></span> <span class='ocrx_word' id='word_1_78' title='bbox 1180 662 1440 718; x_wconf 78' lang='grc' dir='ltr'><em>πατριάρχην</em></span> <span class='ocrx_word' id='word_1_79' title='bbox 1467 665 1541 704; x_wconf 78' lang='grc' dir='ltr'>καί</span> 
     </span>
    </p>

    <p class='ocr_par' dir='ltr' id='par_1_4' title="bbox 100 723 1536 782">
     <span class='ocr_line' id='line_1_9' title="bbox 100 723 1536 782; baseline -0.001 -10"><span class='ocrx_word' id='word_1_80' title='bbox 100 731 256 778; x_wconf 83' lang='grc' dir='ltr'><em>πάντας</em></span> <span class='ocrx_word' id='word_1_81' title='bbox 284 729 379 778; x_wconf 81' lang='grc' dir='ltr'><em>τοὺς</em></span> <span class='ocrx_word' id='word_1_82' title='bbox 407 731 479 782; x_wconf 77' lang='grc' dir='ltr'><em>τῆς</em></span> <span class='ocrx_word' id='word_1_83' title='bbox 506 728 686 780; x_wconf 80' lang='grc' dir='ltr'><em>πόλεως,</em></span> <span class='ocrx_word' id='word_1_84' title='bbox 716 727 738 767; x_wconf 80' lang='grc' dir='ltr'><em>ὅ</em></span> <span class='ocrx_word' id='word_1_85' title='bbox 771 729 848 779; x_wconf 82' lang='grc' dir='ltr'><em>μὲν</em></span> <span class='ocrx_word' id='word_1_86' title='bbox 879 725 1078 779; x_wconf 74' lang='grc' dir='ltr'><em>βασιλεῦς</em></span> <span class='ocrx_word' id='word_1_87' title='bbox 1107 726 1239 781; x_wconf 80' lang='grc' dir='ltr'><em>ἐζήτει</em></span> <span class='ocrx_word' id='word_1_88' title='bbox 1270 731 1412 780; x_wconf 80' lang='grc' dir='ltr'><em>λαβεῖν</em></span> <span class='ocrx_word' id='word_1_89' title='bbox 1438 723 1536 770; x_wconf 67' lang='grc' dir='ltr'><em>ἄλλο</em></span> 
     </span>
    </p>

    <p class='ocr_par' dir='ltr' id='par_1_5' title="bbox 64 791 1539 919">
     <span class='ocr_line' id='line_1_10' title="bbox 100 791 1538 849; baseline -0.002 -11"><span class='ocrx_word' id='word_1_90' title='bbox 100 797 184 838; x_wconf 73' lang='grc' dir='ltr'><em>τῶν</em></span> <span class='ocrx_word' id='word_1_91' title='bbox 223 795 508 849; x_wconf 83' lang='grc' dir='ltr'><em>μοναστηρίων</em></span> <span class='ocrx_word' id='word_1_92' title='bbox 550 792 789 847; x_wconf 68' lang='grc' dir='ltr'><em>,ιιειζότερον</em></span> <span class='ocrx_word' id='word_1_93' title='bbox 829 791 900 833; x_wconf 86' lang='grc' dir='ltr'><em>καί</em></span> <span class='ocrx_word' id='word_1_94' title='bbox 930 793 1354 847; x_wconf 76' lang='grc' dir='ltr'><em>εἰσοδηματικώτερον</em></span> <span class='ocrx_word' id='word_1_95' title='bbox 1390 796 1538 836; x_wconf 77' lang='grc' dir='ltr'><em>δοῦναι</em></span> 
     </span>
     <span class='ocr_line' id='line_1_11' title="bbox 64 856 1539 919; baseline -0.001 -15"><span class='ocrx_word' id='word_1_96' title='bbox 64 860 237 919; x_wconf 78' lang='grc' dir='ltr'><em>οαῦτῇ,</em></span> <span class='ocrx_word' id='word_1_97' title='bbox 284 858 304 901; x_wconf 81' lang='grc' dir='ltr'>ὅ</span> <span class='ocrx_word' id='word_1_98' title='bbox 335 862 380 901; x_wconf 75' lang='grc' dir='ltr'><em>δὲ</em></span> <span class='ocrx_word' id='word_1_99' title='bbox 403 859 661 913; x_wconf 77' lang='grc' dir='ltr'><em>πατριάρχης</em></span> <span class='ocrx_word' id='word_1_100' title='bbox 698 856 879 910; x_wconf 77' lang='grc' dir='ltr'><em>ἔνταλμα</em></span> <span class='ocrx_word' id='word_1_101' title='bbox 915 861 1223 912; x_wconf 79' lang='grc' dir='ltr'><em>πατριαρχικῆς</em></span> <span class='ocrx_word' id='word_1_102' title='bbox 1250 860 1439 910; x_wconf 77' lang='grc' dir='ltr'><em>ἐξουσίας</em></span> <span class='ocrx_word' id='word_1_103' title='bbox 1458 861 1539 908; x_wconf 61' lang='lat'><em>525⁶*-</em></span> 
     </span>
    </p>

    <p class='ocr_par' dir='ltr' id='par_1_6' title="bbox 68 921 1543 1048">
     <span class='ocr_line' id='line_1_12' title="bbox 101 921 1539 978; baseline -0.003 -9"><span class='ocrx_word' id='word_1_104' title='bbox 101 929 232 969; x_wconf 74' lang='grc' dir='ltr'><em>ὃωκεν</em></span> <span class='ocrx_word' id='word_1_105' title='bbox 271 927 330 974; x_wconf 82' lang='grc' dir='ltr'><em>εἰς</em></span> <span class='ocrx_word' id='word_1_106' title='bbox 366 924 438 973; x_wconf 77' lang='grc' dir='ltr'><em>τας</em></span> <span class='ocrx_word' id='word_1_107' title='bbox 486 925 741 977; x_wconf 84' lang='grc' dir='ltr'><em>βουλομένας</em></span> <span class='ocrx_word' id='word_1_108' title='bbox 779 925 854 977; x_wconf 83' lang='grc' dir='ltr'><em>τῆς</em></span> <span class='ocrx_word' id='word_1_109' title='bbox 893 921 1049 973; x_wconf 86' lang='grc' dir='ltr'><em>πόλεως</em></span> <span class='ocrx_word' id='word_1_110' title='bbox 1083 930 1282 977; x_wconf 77' lang='grc' dir='ltr'><em>γυναῖκας</em></span> <span class='ocrx_word' id='word_1_111' title='bbox 1322 927 1539 978; x_wconf 77' lang='grc' dir='ltr'><em>προσιέναι</em></span> 
     </span>
     <span class='ocr_line' id='line_1_13' title="bbox 68 984 1543 1048; baseline -0.001 -14"><span class='ocrx_word' id='word_1_112' title='bbox 68 1018 75 1024; x_wconf 82' lang='lat'><em>.</em></span> <span class='ocrx_word' id='word_1_113' title='bbox 101 992 232 1048; x_wconf 73' lang='grc' dir='ltr'><em>αὐτῇ,</em></span> <span class='ocrx_word' id='word_1_114' title='bbox 263 992 299 1033; x_wconf 86' lang='grc' dir='ltr'><em>οἱ</em></span> <span class='ocrx_word' id='word_1_115' title='bbox 332 993 377 1032; x_wconf 75' lang='grc' dir='ltr'><em>δὲ</em></span> <span class='ocrx_word' id='word_1_116' title='bbox 403 992 476 1043; x_wconf 82' lang='grc' dir='ltr'><em>τῆς</em></span> <span class='ocrx_word' id='word_1_117' title='bbox 504 991 660 1038; x_wconf 86' lang='grc' dir='ltr'><em>πόλεως</em></span> <span class='ocrx_word' id='word_1_118' title='bbox 689 984 838 1043; x_wconf 76' lang='grc' dir='ltr'><em>ἤθελον</em></span> <span class='ocrx_word' id='word_1_119' title='bbox 868 991 1015 1030; x_wconf 72' lang='grc' dir='ltr'><em>δοῦναι</em></span> <span class='ocrx_word' id='word_1_120' title='bbox 1045 989 1192 1037; x_wconf 73' lang='grc' dir='ltr'><em>αὐταῖς</em></span> <span class='ocrx_word' id='word_1_121' title='bbox 1216 991 1299 1032; x_wconf 83' lang='grc' dir='ltr'><em>πᾶν</em></span> <span class='ocrx_word' id='word_1_122' title='bbox 1319 992 1543 1045; x_wconf 82' lang='grc' dir='ltr'><em>α’ναγκαῖον</em></span> 
     </span>
    </p>

    <p class='ocr_par' dir='ltr' id='par_1_7' title="bbox 101 1053 1538 1110">
     <span class='ocr_line' id='line_1_14' title="bbox 101 1053 1538 1110; baseline -0.001 -10"><span class='ocrx_word' id='word_1_123' title='bbox 101 1060 160 1107; x_wconf 84' lang='grc' dir='ltr'><em>εἰς</em></span> <span class='ocrx_word' id='word_1_124' title='bbox 190 1058 235 1099; x_wconf 85' lang='grc' dir='ltr'><em>τὸ</em></span> <span class='ocrx_word' id='word_1_125' title='bbox 261 1059 580 1099; x_wconf 73' lang='grc' dir='ltr'><em>ἐπισκέπτεσθαι</em></span> <span class='ocrx_word' id='word_1_126' title='bbox 609 1055 680 1096; x_wconf 85' lang='grc' dir='ltr'>καί</span> <span class='ocrx_word' id='word_1_127' title='bbox 705 1054 956 1107; x_wconf 75' lang='grc' dir='ltr'><em>θεραπεύειν</em></span> <span class='ocrx_word' id='word_1_128' title='bbox 990 1053 1041 1096; x_wconf 78' lang='grc' dir='ltr'><em>τὰ</em></span> <span class='ocrx_word' id='word_1_129' title='bbox 1070 1053 1174 1108; x_wconf 86' lang='grc' dir='ltr'><em>πρὸς</em></span> <span class='ocrx_word' id='word_1_130' title='bbox 1197 1059 1345 1110; x_wconf 83' lang='grc' dir='ltr'><em>χρείαν</em></span> <span class='ocrx_word' id='word_1_131' title='bbox 1374 1057 1538 1098; x_wconf 69' lang='grc' dir='ltr'><em>αὐτῶν·</em></span> 
     </span>
    </p>

    <p class='ocr_par' dir='ltr' id='par_1_8' title="bbox 29 1113 1546 1572">
     <span class='ocr_line' id='line_1_15' title="bbox 102 1113 1542 1177; baseline 0.001 -13"><span class='ocrx_word' id='word_1_132' title='bbox 102 1120 182 1177; x_wconf 76' lang='grc' dir='ltr'><em>οὐχ</em></span> <span class='ocrx_word' id='word_1_133' title='bbox 211 1124 397 1177; x_wconf 75' lang='grc' dir='ltr'><em>ὑπῆρχεν</em></span> <span class='ocrx_word' id='word_1_134' title='bbox 425 1121 504 1175; x_wconf 75' lang='grc' dir='ltr'><em>γάρ</em></span> <span class='ocrx_word' id='word_1_135' title='bbox 548 1121 722 1169; x_wconf 76' lang='grc' dir='ltr'><em>ἐκείναις</em></span> <span class='ocrx_word' id='word_1_136' title='bbox 752 1115 847 1162; x_wconf 69' lang='grc' dir='ltr'><em>οὔτε</em></span> <span class='ocrx_word' id='word_1_137' title='bbox 882 1123 1059 1175; x_wconf 83' lang='grc' dir='ltr'><em>χρυσίον</em></span> <span class='ocrx_word' id='word_1_138' title='bbox 1089 1115 1185 1161; x_wconf 66' lang='grc' dir='ltr'><em>οὔτε</em></span> <span class='ocrx_word' id='word_1_139' title='bbox 1215 1121 1439 1177; x_wconf 68' lang='grc' dir='ltr'><em>ἀργύριον,</em></span> <span class='ocrx_word' id='word_1_140' title='bbox 1469 1113 1542 1165; x_wconf 73' lang='grc' dir='ltr'><em>οὐκ</em></span> 
     </span>
     <span class='ocr_line' id='line_1_16' title="bbox 35 1185 1543 1243; baseline 0 -13"><span class='ocrx_word' id='word_1_141' title='bbox 35 1199 90 1239; x_wconf 59' lang='lat'><em>³15</em></span> <span class='ocrx_word' id='word_1_142' title='bbox 103 1185 204 1231; x_wconf 74' lang='grc' dir='ltr'><em>ἄλλο</em></span> <span class='ocrx_word' id='word_1_143' title='bbox 232 1205 271 1230; x_wconf 91' lang='grc' dir='ltr'><em>τι</em></span> <span class='ocrx_word' id='word_1_144' title='bbox 301 1190 340 1230; x_wconf 85' lang='grc' dir='ltr'><em>εἰ</em></span> <span class='ocrx_word' id='word_1_145' title='bbox 362 1186 420 1242; x_wconf 78' lang='grc' dir='ltr'><em>μη</em></span> <span class='ocrx_word' id='word_1_146' title='bbox 448 1187 492 1229; x_wconf 88' lang='grc' dir='ltr'><em>τὸ</em></span> <span class='ocrx_word' id='word_1_147' title='bbox 523 1186 760 1241; x_wconf 76' lang='grc' dir='ltr'><em>ἑργόχειρον</em></span> <span class='ocrx_word' id='word_1_148' title='bbox 793 1186 864 1227; x_wconf 80' lang='grc' dir='ltr'>καί</span> <span class='ocrx_word' id='word_1_149' title='bbox 889 1186 911 1241; x_wconf 77' lang='grc' dir='ltr'><em>ἦ</em></span> <span class='ocrx_word' id='word_1_150' title='bbox 941 1189 1015 1227; x_wconf 82' lang='grc' dir='ltr'><em>τοῦ</em></span> <span class='ocrx_word' id='word_1_151' title='bbox 1043 1188 1146 1228; x_wconf 82' lang='grc' dir='ltr'><em>θεοῦ</em></span> <span class='ocrx_word' id='word_1_152' title='bbox 1175 1186 1246 1229; x_wconf 71' lang='grc' dir='ltr'><em>διὰ</em></span> <span class='ocrx_word' id='word_1_153' title='bbox 1273 1190 1356 1230; x_wconf 77' lang='grc' dir='ltr'><em>τῶν</em></span> <span class='ocrx_word' id='word_1_154' title='bbox 1386 1189 1543 1243; x_wconf 79' lang='grc' dir='ltr'><em>α’ρχόν-</em></span> 
     </span>
     <span class='ocr_line' id='line_1_17' title="bbox 101 1250 1544 1308; baseline 0 -11"><span class='ocrx_word' id='word_1_155' title='bbox 101 1271 185 1297; x_wconf 81' lang='grc' dir='ltr'><em>των</em></span> <span class='ocrx_word' id='word_1_156' title='bbox 212 1254 465 1308; x_wconf 76' lang='grc' dir='ltr'><em>προμήθεια.</em></span> <span class='ocrx_word' id='word_1_157' title='bbox 537 1254 726 1305; x_wconf 70' lang='grc' dir='ltr'><em>λαβοῦσα</em></span> <span class='ocrx_word' id='word_1_158' title='bbox 773 1253 819 1293; x_wconf 77' lang='grc' dir='ltr'><em>δὲ</em></span> <span class='ocrx_word' id='word_1_159' title='bbox 847 1250 997 1306; x_wconf 85' lang='grc' dir='ltr'><em>μικρόν</em></span> <span class='ocrx_word' id='word_1_160' title='bbox 1023 1267 1065 1294; x_wconf 93' lang='grc' dir='ltr'><em>τι</em></span> <span class='ocrx_word' id='word_1_161' title='bbox 1090 1251 1304 1306; x_wconf 74' lang='grc' dir='ltr'><em>κάθισμα,</em></span> <span class='ocrx_word' id='word_1_162' title='bbox 1338 1257 1544 1308; x_wconf 81' lang='grc' dir='ltr'><em>συνέδρα-</em></span> 
     </span>
     <span class='ocr_line' id='line_1_18' title="bbox 101 1314 1544 1374; baseline -0.001 -11"><span class='ocrx_word' id='word_1_163' title='bbox 101 1337 178 1374; x_wconf 86' lang='grc' dir='ltr'><em>μον</em></span> <span class='ocrx_word' id='word_1_164' title='bbox 217 1321 275 1368; x_wconf 65' lang='lat' dir='ltr'><em>etc</em></span> <span class='ocrx_word' id='word_1_165' title='bbox 314 1317 522 1372; x_wconf 74' lang='grc' dir='ltr'><em>ὕποταγην</em></span> <span class='ocrx_word' id='word_1_166' title='bbox 562 1317 692 1372; x_wconf 72' lang='grc' dir='ltr'><em>αὐτῆς</em></span> <span class='ocrx_word' id='word_1_167' title='bbox 730 1319 934 1359; x_wconf 80' lang='grc' dir='ltr'><em>τοσαῦται</em></span> <span class='ocrx_word' id='word_1_168' title='bbox 972 1314 1070 1359; x_wconf 76' lang='grc' dir='ltr'><em>ὅσαι</em></span> <span class='ocrx_word' id='word_1_169' title='bbox 1113 1319 1188 1358; x_wconf 74' lang='grc' dir='ltr'><em>οιῖκ</em></span> <span class='ocrx_word' id='word_1_170' title='bbox 1223 1317 1442 1374; x_wconf 80' lang='grc' dir='ltr'><em>ἐχώρησαν</em></span> <span class='ocrx_word' id='word_1_171' title='bbox 1485 1319 1544 1370; x_wconf 81' lang='grc' dir='ltr'><em>εἵς</em></span> 
     </span>
     <span class='ocr_line' id='line_1_19' title="bbox 101 1382 1545 1440; baseline -0.003 -12"><span class='ocrx_word' id='word_1_172' title='bbox 101 1403 143 1428; x_wconf 85' lang='grc' dir='ltr'><em>τε</em></span> <span class='ocrx_word' id='word_1_173' title='bbox 173 1385 246 1440; x_wconf 79' lang='grc' dir='ltr'><em>τήν</em></span> <span class='ocrx_word' id='word_1_174' title='bbox 277 1387 352 1427; x_wconf 82' lang='grc' dir='ltr'><em>τοῦ</em></span> <span class='ocrx_word' id='word_1_175' title='bbox 385 1382 519 1437; x_wconf 83' lang='grc' dir='ltr'><em>Λιβὸς</em></span> <span class='ocrx_word' id='word_1_176' title='bbox 556 1382 685 1437; x_wconf 73' lang='grc' dir='ltr'><em>μονήν</em></span> <span class='ocrx_word' id='word_1_177' title='bbox 725 1382 798 1424; x_wconf 86' lang='grc' dir='ltr'><em>καί</em></span> <span class='ocrx_word' id='word_1_178' title='bbox 823 1385 895 1436; x_wconf 75' lang='grc' dir='ltr'><em>τῆς</em></span> <span class='ocrx_word' id='word_1_179' title='bbox 928 1386 1057 1436; x_wconf 80' lang='grc' dir='ltr'><em>κυρᾶς</em></span> <span class='ocrx_word' id='word_1_180' title='bbox 1087 1383 1294 1438; x_wconf 58' lang='lat' dir='ltr'><em>Ma&#39;gfflag.</em></span> <span class='ocrx_word' id='word_1_181' title='bbox 1361 1382 1386 1439; x_wconf 81' lang='grc' dir='ltr'><em>ἦ</em></span> <span class='ocrx_word' id='word_1_182' title='bbox 1418 1387 1464 1427; x_wconf 76' lang='grc' dir='ltr'><em>δὲ</em></span> <span class='ocrx_word' id='word_1_183' title='bbox 1484 1387 1545 1427; x_wconf 83' lang='grc' dir='ltr'><em>,ου’</em></span> 
     </span>
     <span class='ocr_line' id='line_1_20' title="bbox 103 1444 1544 1505; baseline -0.001 -12"><span class='ocrx_word' id='word_1_184' title='bbox 103 1454 267 1500; x_wconf 86' lang='grc' dir='ltr'><em>πλείους</em></span> <span class='ocrx_word' id='word_1_185' title='bbox 294 1448 321 1505; x_wconf 78' lang='grc' dir='ltr'><em>ἢ</em></span> <span class='ocrx_word' id='word_1_186' title='bbox 339 1451 585 1492; x_wconf 70' lang='grc' dir='ltr'><em>δυοκαίδεκα</em></span> <span class='ocrx_word' id='word_1_187' title='bbox 608 1450 885 1502; x_wconf 77' lang='grc' dir='ltr'><em>προσελάβετο</em></span> <span class='ocrx_word' id='word_1_188' title='bbox 906 1465 916 1475; x_wconf 90' lang='grc'><em>·</em></span> <span class='ocrx_word' id='word_1_189' title='bbox 974 1451 1046 1490; x_wconf 81' lang='grc' dir='ltr'>καί</span> <span class='ocrx_word' id='word_1_190' title='bbox 1075 1444 1180 1503; x_wconf 65' lang='grc' dir='ltr'><em>ἦσαν</em></span> <span class='ocrx_word' id='word_1_191' title='bbox 1203 1453 1394 1492; x_wconf 81' lang='grc' dir='ltr'><em>τοιαῦται</em></span> <span class='ocrx_word' id='word_1_192' title='bbox 1421 1449 1480 1501; x_wconf 83' lang='grc' dir='ltr'><em>εἴς</em></span> <span class='ocrx_word' id='word_1_193' title='bbox 1498 1468 1544 1494; x_wconf 86' lang='grc' dir='ltr'><em>τε</em></span> 
     </span>
     <span class='ocr_line' id='line_1_21' title="bbox 29 1512 1546 1572; baseline -0.001 -12"><span class='ocrx_word' id='word_1_194' title='bbox 29 1534 93 1565; x_wconf 64' lang='lat'><em>320</em></span> <span class='ocrx_word' id='word_1_195' title='bbox 105 1514 391 1572; x_wconf 79' lang='grc' dir='ltr'><em>οἷκτημοσύνην</em></span> <span class='ocrx_word' id='word_1_196' title='bbox 420 1517 491 1557; x_wconf 82' lang='grc' dir='ltr'><em>καί</em></span> <span class='ocrx_word' id='word_1_197' title='bbox 518 1513 705 1570; x_wconf 65' lang='grc' dir='ltr'><em>ὑπακοήν</em></span> <span class='ocrx_word' id='word_1_198' title='bbox 735 1514 808 1556; x_wconf 76' lang='grc' dir='ltr'><em>καὶ</em></span> <span class='ocrx_word' id='word_1_199' title='bbox 833 1512 1112 1570; x_wconf 75' lang='grc' dir='ltr'><em>σωφροσύνην</em></span> <span class='ocrx_word' id='word_1_200' title='bbox 1139 1518 1212 1558; x_wconf 85' lang='grc' dir='ltr'><em>καί</em></span> <span class='ocrx_word' id='word_1_201' title='bbox 1243 1517 1324 1558; x_wconf 82' lang='grc' dir='ltr'><em>πᾶν</em></span> <span class='ocrx_word' id='word_1_202' title='bbox 1349 1515 1394 1559; x_wconf 85' lang='grc' dir='ltr'><em>εἴ</em></span> <span class='ocrx_word' id='word_1_203' title='bbox 1414 1533 1456 1559; x_wconf 90' lang='grc' dir='ltr'><em>τι</em></span> <span class='ocrx_word' id='word_1_204' title='bbox 1486 1519 1546 1566; x_wconf 81' lang='grc' dir='ltr'><em>εἰς</em></span> 
     </span>
    </p>
   </div>
   <div class='ocr_carea' id='block_1_3' title="bbox 0 0 48 1602">
    <p class='ocr_par' dir='ltr' id='par_1_9' title="bbox 0 0 48 1602">
     <span class='ocr_line' id='line_1_22' title="bbox 0 0 48 621; baseline 0 0"><span class='ocrx_word' id='word_1_205' title='bbox 0 0 48 621; x_wconf 95' lang='lat' dir='ltr'><em>  </em></span> 
     </span>
     <span class='ocr_line' id='line_1_23' title="bbox 0 621 48 1602; baseline 0 0"><span class='ocrx_word' id='word_1_206' title='bbox 0 621 48 1602; x_wconf 95' lang='lat' dir='ltr'><em>    </em></span> 
     </span>
    </p>
   </div>
   <div class='ocr_carea' id='block_1_4' title="bbox 24 846 56 912">
    <p class='ocr_par' dir='ltr' id='par_1_10' title="bbox 24 846 56 912">
     <span class='ocr_line' id='line_1_24' title="bbox 24 846 56 912; textangle 90"><span class='ocrx_word' id='word_1_207' title='bbox 36 882 56 912; x_wconf 42' lang='lat' dir='ltr'>a</span> <span class='ocrx_word' id='word_1_208' title='bbox 24 846 25 850; x_wconf 57' lang='lat'><em>„</em></span> 
     </span>
    </p>
   </div>
   <div class='ocr_carea' id='block_1_5' title="bbox 201 1668 1548 1899">
    <p class='ocr_par' dir='ltr' id='par_1_11' title="bbox 201 1668 1548 1899">
     <span class='ocr_line' id='line_1_25' title="bbox 206 1668 1546 1720; baseline 0.001 -14"><span class='ocrx_word' id='word_1_209' title='bbox 206 1686 231 1708; x_wconf 82' lang='grc' dir='ltr'><em>ι.</em></span> <span class='ocrx_word' id='word_1_210' title='bbox 255 1672 408 1707; x_wconf 81' lang='grc' dir='ltr'><em>πῐὲσινΡ</em></span> <span class='ocrx_word' id='word_1_211' title='bbox 479 1672 510 1704; x_wconf 86' lang='grc'><em>5.</em></span> <span class='ocrx_word' id='word_1_212' title='bbox 524 1668 736 1714; x_wconf 82' lang='grc' dir='ltr'><em>κλὴρεναςΡ</em></span> <span class='ocrx_word' id='word_1_213' title='bbox 809 1671 842 1704; x_wconf 60' lang='grc'><em>6&gt;</em></span> <span class='ocrx_word' id='word_1_214' title='bbox 862 1669 1084 1704; x_wconf 76' lang='grc' dir='ltr'><em>διιισώσασα</em></span> <span class='ocrx_word' id='word_1_215' title='bbox 1106 1671 1128 1704; x_wconf 82' lang='grc' dir='ltr'><strong><em>Ρ</em></strong></span> <span class='ocrx_word' id='word_1_216' title='bbox 1221 1685 1253 1717; x_wconf 89' lang='lat'><em>9.</em></span> <span class='ocrx_word' id='word_1_217' title='bbox 1283 1672 1489 1720; x_wconf 73' lang='grc' dir='ltr'><em>σοδώτερον</em></span> <span class='ocrx_word' id='word_1_218' title='bbox 1508 1674 1546 1707; x_wconf 87' lang='grc' dir='ltr'><strong>Μ</strong></span> 
     </span>
     <span class='ocr_line' id='line_1_26' title="bbox 206 1715 1547 1765; baseline -0.001 -11"><span class='ocrx_word' id='word_1_219' title='bbox 206 1732 256 1754; x_wconf 86' lang='grc' dir='ltr'><em>ιο.</em></span> <span class='ocrx_word' id='word_1_220' title='bbox 284 1731 392 1765; x_wconf 65' lang='lat' dir='ltr'><em>nam.</em></span> <span class='ocrx_word' id='word_1_221' title='bbox 425 1715 464 1752; x_wconf 79' lang='grc' dir='ltr'><em>τὸ</em></span> <span class='ocrx_word' id='word_1_222' title='bbox 505 1716 636 1751; x_wconf 75' lang='grc' dir='ltr'><em>δοῦναι</em></span> <span class='ocrx_word' id='word_1_223' title='bbox 663 1715 752 1763; x_wconf 80' lang='grc' dir='ltr'><em>αὐτῇ</em></span> <span class='ocrx_word' id='word_1_224' title='bbox 784 1717 942 1764; x_wconf 80' lang='grc' dir='ltr'><em>ἔνταλμα</em></span> <span class='ocrx_word' id='word_1_225' title='bbox 969 1719 1219 1764; x_wconf 81' lang='grc' dir='ltr'><em>πνευματικῆς</em></span> <span class='ocrx_word' id='word_1_226' title='bbox 1247 1721 1415 1759; x_wconf 76' lang='grc' dir='ltr'><em>ἐξουσίας</em></span> <span class='ocrx_word' id='word_1_227' title='bbox 1438 1723 1488 1758; x_wconf 81' lang='grc' dir='ltr'><em>εἰς</em></span> <span class='ocrx_word' id='word_1_228' title='bbox 1510 1721 1547 1753; x_wconf 81' lang='grc' dir='ltr'><strong>Μ</strong></span> 
     </span>
     <span class='ocr_line' id='line_1_27' title="bbox 205 1762 1548 1818; baseline 0 -18"><span class='ocrx_word' id='word_1_229' title='bbox 205 1780 214 1800; x_wconf 87' lang='grc' dir='ltr'><em>ι</em></span> <span class='ocrx_word' id='word_1_230' title='bbox 229 1779 253 1800; x_wconf 86' lang='grc' dir='ltr'><em>ι.</em></span> <span class='ocrx_word' id='word_1_231' title='bbox 271 1772 463 1813; x_wconf 79' lang='grc' dir='ltr'><em>γυναῖκας,</em></span> <span class='ocrx_word' id='word_1_232' title='bbox 481 1766 517 1798; x_wconf 84' lang='grc' dir='ltr'><em>οἱ</em></span> <span class='ocrx_word' id='word_1_233' title='bbox 530 1763 568 1798; x_wconf 75' lang='grc' dir='ltr'><em>δὲ</em></span> <span class='ocrx_word' id='word_1_234' title='bbox 582 1763 643 1805; x_wconf 81' lang='grc' dir='ltr'><em>τῆς</em></span> <span class='ocrx_word' id='word_1_235' title='bbox 666 1765 810 1802; x_wconf 76' lang='grc' dir='ltr'><em>πόλεως</em></span> <span class='ocrx_word' id='word_1_236' title='bbox 823 1764 884 1818; x_wconf 62' lang='grc' dir='ltr'><em>ἵνα</em></span> <span class='ocrx_word' id='word_1_237' title='bbox 909 1765 1054 1810; x_wconf 82' lang='grc' dir='ltr'><em>ἔρχηται</em></span> <span class='ocrx_word' id='word_1_238' title='bbox 1078 1767 1129 1803; x_wconf 84' lang='grc' dir='ltr'><em>εἰς</em></span> <span class='ocrx_word' id='word_1_239' title='bbox 1152 1762 1192 1799; x_wconf 86' lang='grc' dir='ltr'><em>τὸ</em></span> <span class='ocrx_word' id='word_1_240' title='bbox 1207 1767 1418 1802; x_wconf 76' lang='grc' dir='ltr'><em>ἐπισκέπειν</em></span> <span class='ocrx_word' id='word_1_241' title='bbox 1435 1771 1498 1802; x_wconf 79' lang='grc' dir='ltr'><em>καὶ</em></span> <span class='ocrx_word' id='word_1_242' title='bbox 1510 1767 1548 1800; x_wconf 86' lang='grc' dir='ltr'><strong>Μ</strong></span> 
     </span>
     <span class='ocr_line' id='line_1_28' title="bbox 207 1808 1548 1862; baseline 0.001 -15"><span class='ocrx_word' id='word_1_243' title='bbox 207 1826 256 1859; x_wconf 84' lang='lat'><em>¹7·</em></span> <span class='ocrx_word' id='word_1_244' title='bbox 284 1812 375 1851; x_wconf 84' lang='grc' dir='ltr'><em>ὅσας</em></span> <span class='ocrx_word' id='word_1_245' title='bbox 393 1811 457 1846; x_wconf 85' lang='grc' dir='ltr'><em>οὐκ</em></span> <span class='ocrx_word' id='word_1_246' title='bbox 485 1809 668 1857; x_wconf 76' lang='grc' dir='ltr'><em>ἐχώρησεν</em></span> <span class='ocrx_word' id='word_1_247' title='bbox 690 1809 710 1853; x_wconf 81' lang='grc' dir='ltr'><em>ἧ</em></span> <span class='ocrx_word' id='word_1_248' title='bbox 734 1822 771 1845; x_wconf 85' lang='grc' dir='ltr'><em>τε</em></span> <span class='ocrx_word' id='word_1_249' title='bbox 791 1823 886 1857; x_wconf 59' lang='lat' dir='ltr'><em>pouq</em></span> <span class='ocrx_word' id='word_1_250' title='bbox 911 1812 975 1845; x_wconf 80' lang='grc' dir='ltr'><em>τοῦ</em></span> <span class='ocrx_word' id='word_1_251' title='bbox 1000 1808 1107 1855; x_wconf 81' lang='grc' dir='ltr'><em>λυβὸς</em></span> <span class='ocrx_word' id='word_1_252' title='bbox 1128 1815 1190 1846; x_wconf 83' lang='grc' dir='ltr'><em>καὶ</em></span> <span class='ocrx_word' id='word_1_253' title='bbox 1214 1814 1275 1855; x_wconf 78' lang='grc' dir='ltr'><em>τῆς</em></span> <span class='ocrx_word' id='word_1_254' title='bbox 1297 1818 1426 1862; x_wconf 79' lang='grc' dir='ltr'><em>κυρίας</em></span> <span class='ocrx_word' id='word_1_255' title='bbox 1445 1814 1548 1862; x_wconf 79' lang='grc' dir='ltr'><em>μάρ-</em></span> 
     </span>
     <span class='ocr_line' id='line_1_29' title="bbox 201 1861 320 1899; baseline -0.008 -5"><span class='ocrx_word' id='word_1_256' title='bbox 201 1865 272 1899; x_wconf 64' lang='lat' dir='ltr'><em>{mg</em></span> <span class='ocrx_word' id='word_1_257' title='bbox 296 1861 320 1893; x_wconf 76' lang='lat' dir='ltr'>P</span> 
     </span>
    </p>
   </div>
   <div class='ocr_carea' id='block_1_6' title="bbox 54 1988 1555 2787">
    <p class='ocr_par' dir='ltr' id='par_1_12' title="bbox 54 1988 1555 2787">
     <span class='ocr_line' id='line_1_30' title="bbox 109 1988 1549 2036; baseline -0.001 -11"><span class='ocrx_word' id='word_1_258' title='bbox 109 1993 147 2025; x_wconf 85' lang='lat' dir='ltr'><em>in</em></span> <span class='ocrx_word' id='word_1_259' title='bbox 167 1991 296 2024; x_wconf 84' lang='lat' dir='ltr'>Lemno</span> <span class='ocrx_word' id='word_1_260' title='bbox 335 1994 409 2022; x_wconf 88' lang='lat' dir='ltr'>tum</span> <span class='ocrx_word' id='word_1_261' title='bbox 449 1993 525 2021; x_wconf 87' lang='lat' dir='ltr'>erat</span> <span class='ocrx_word' id='word_1_262' title='bbox 549 1999 632 2021; x_wconf 83' lang='lat' dir='ltr'>avus</span> <span class='ocrx_word' id='word_1_263' title='bbox 673 1998 771 2020; x_wconf 88' lang='lat' dir='ltr'>meus</span> <span class='ocrx_word' id='word_1_264' title='bbox 808 1998 886 2020; x_wconf 87' lang='lat' dir='ltr'>cum</span> <span class='ocrx_word' id='word_1_265' title='bbox 925 1998 1035 2020; x_wconf 81' lang='lat' dir='ltr'>uxore</span> <span class='ocrx_word' id='word_1_266' title='bbox 1072 1993 1108 2021; x_wconf 79' lang='lat' dir='ltr'>et</span> <span class='ocrx_word' id='word_1_267' title='bbox 1143 1988 1276 2022; x_wconf 85' lang='lat' dir='ltr'>liberis.</span> <span class='ocrx_word' id='word_1_268' title='bbox 1325 1990 1445 2036; x_wconf 86' lang='lat' dir='ltr'>itaque</span> <span class='ocrx_word' id='word_1_269' title='bbox 1472 2003 1549 2025; x_wconf 68' lang='lat' dir='ltr'>,na-</span> 
     </span>
     <span class='ocr_line' id='line_1_31' title="bbox 108 2034 1551 2079; baseline -0.001 -6"><span class='ocrx_word' id='word_1_270' title='bbox 108 2046 147 2074; x_wconf 82' lang='lat' dir='ltr'>tu</span> <span class='ocrx_word' id='word_1_271' title='bbox 181 2038 335 2071; x_wconf 80' lang='lat' dir='ltr'>maxima</span> <span class='ocrx_word' id='word_1_272' title='bbox 374 2035 527 2068; x_wconf 82' lang='lat' dir='ltr'>filiarum</span> <span class='ocrx_word' id='word_1_273' title='bbox 556 2036 632 2067; x_wconf 88' lang='lat' dir='ltr'>eius</span> <span class='ocrx_word' id='word_1_274' title='bbox 675 2045 784 2079; x_wconf 87' lang='lat' dir='ltr'>quum</span> <span class='ocrx_word' id='word_1_275' title='bbox 819 2039 977 2067; x_wconf 81' lang='lat' dir='ltr'><strong>sanctam</strong></span> <span class='ocrx_word' id='word_1_276' title='bbox 1013 2034 1106 2068; x_wconf 88' lang='lat' dir='ltr'>hanc</span> <span class='ocrx_word' id='word_1_277' title='bbox 1132 2035 1299 2068; x_wconf 84' lang='lat' dir='ltr'>feminam</span> <span class='ocrx_word' id='word_1_278' title='bbox 1336 2037 1485 2071; x_wconf 83' lang='lat' dir='ltr'>vidisset</span> <span class='ocrx_word' id='word_1_279' title='bbox 1514 2044 1551 2071; x_wconf 79' lang='lat' dir='ltr'>et</span> 
     </span>
     <span class='ocr_line' id='line_1_32' title="bbox 109 2082 1550 2128; baseline -0.001 -8"><span class='ocrx_word' id='word_1_280' title='bbox 109 2087 333 2120; x_wconf 80' lang='lat' dir='ltr'>observasset</span> <span class='ocrx_word' id='word_1_281' title='bbox 370 2083 537 2116; x_wconf 84' lang='lat' dir='ltr'>virtutem</span> <span class='ocrx_word' id='word_1_282' title='bbox 574 2082 650 2114; x_wconf 85' lang='lat' dir='ltr'>eius</span> <span class='ocrx_word' id='word_1_283' title='bbox 687 2093 726 2114; x_wconf 87' lang='lat' dir='ltr'><em>ac</em></span> <span class='ocrx_word' id='word_1_284' title='bbox 762 2091 980 2123; x_wconf 86' lang='lat' dir='ltr'>sermonem,</span> <span class='ocrx_word' id='word_1_285' title='bbox 1030 2082 1163 2115; x_wconf 82' lang='lat' dir='ltr'>relictis</span> <span class='ocrx_word' id='word_1_286' title='bbox 1210 2083 1437 2128; x_wconf 84' lang='lat' dir='ltr'>parentibus,</span> <span class='ocrx_word' id='word_1_287' title='bbox 1478 2085 1550 2118; x_wconf 85' lang='lat' dir='ltr'>fra-</span> 
     </span>
     <span class='ocr_line' id='line_1_33' title="bbox 108 2129 1551 2176; baseline -0.002 -9"><span class='ocrx_word' id='word_1_288' title='bbox 108 2133 246 2173; x_wconf 83' lang='lat' dir='ltr'>tribus,</span> <span class='ocrx_word' id='word_1_289' title='bbox 275 2130 480 2169; x_wconf 85' lang='lat' dir='ltr'>sororibus,</span> <span class='ocrx_word' id='word_1_290' title='bbox 517 2135 552 2162; x_wconf 89' lang='lat' dir='ltr'>et</span> <span class='ocrx_word' id='word_1_291' title='bbox 589 2138 740 2173; x_wconf 87' lang='lat' dir='ltr'>quocum</span> <span class='ocrx_word' id='word_1_292' title='bbox 779 2129 970 2162; x_wconf 84' lang='lat' dir='ltr'>coniuncta</span> <span class='ocrx_word' id='word_1_293' title='bbox 1005 2134 1081 2162; x_wconf 85' lang='lat' dir='ltr'>erat</span> <span class='ocrx_word' id='word_1_294' title='bbox 1103 2130 1228 2163; x_wconf 81' lang='lat' dir='ltr'>marito</span> <span class='ocrx_word' id='word_1_295' title='bbox 1245 2156 1254 2171; x_wconf 88' lang='lat'><strong>,</strong></span> <span class='ocrx_word' id='word_1_296' title='bbox 1274 2136 1380 2176; x_wconf 85' lang='lat' dir='ltr'>atque</span> <span class='ocrx_word' id='word_1_297' title='bbox 1404 2130 1551 2174; x_wconf 86' lang='lat' dir='ltr'>liberis,</span> 
     </span>
     <span class='ocr_line' id='line_1_34' title="bbox 110 2174 1552 2223; baseline -0.002 -9"><span class='ocrx_word' id='word_1_298' title='bbox 110 2178 401 2214; x_wconf 83' lang='lat' dir='ltr'>Thessalonicam</span> <span class='ocrx_word' id='word_1_299' title='bbox 436 2175 616 2220; x_wconf 77' lang='lat' dir='ltr'>prosecta,</span> <span class='ocrx_word' id='word_1_300' title='bbox 654 2174 834 2208; x_wconf 84' lang='lat' dir='ltr'>monachis</span> <span class='ocrx_word' id='word_1_301' title='bbox 867 2186 904 2208; x_wconf 84' lang='lat' dir='ltr'>se</span> <span class='ocrx_word' id='word_1_302' title='bbox 934 2174 1122 2221; x_wconf 82' lang='lat' dir='ltr'>adscripsit</span> <span class='ocrx_word' id='word_1_303' title='bbox 1147 2177 1272 2222; x_wconf 86' lang='lat' dir='ltr'>ibique</span> <span class='ocrx_word' id='word_1_304' title='bbox 1298 2177 1364 2210; x_wconf 88' lang='lat' dir='ltr'>suh</span> <span class='ocrx_word' id='word_1_305' title='bbox 1393 2178 1552 2223; x_wconf 83' lang='lat' dir='ltr'>imperiis</span> 
     </span>
     <span class='ocr_line' id='line_1_35' title="bbox 109 2221 1553 2270; baseline -0.004 -9"><span class='ocrx_word' id='word_1_306' title='bbox 109 2233 250 2261; x_wconf 72' lang='lat' dir='ltr'>sanctae</span> <span class='ocrx_word' id='word_1_307' title='bbox 275 2225 381 2258; x_wconf 89' lang='lat' dir='ltr'>huius</span> <span class='ocrx_word' id='word_1_308' title='bbox 415 2223 573 2255; x_wconf 84' lang='lat' dir='ltr'>mulieris</span> <span class='ocrx_word' id='word_1_309' title='bbox 608 2222 705 2254; x_wconf 84' lang='lat' dir='ltr'>vixit.</span> <span class='ocrx_word' id='word_1_310' title='bbox 748 2221 831 2254; x_wconf 87' lang='lat' dir='ltr'>inde</span> <span class='ocrx_word' id='word_1_311' title='bbox 867 2221 935 2254; x_wconf 89' lang='lat' dir='ltr'>hae</span> <span class='ocrx_word' id='word_1_312' title='bbox 971 2228 1043 2255; x_wconf 87' lang='lat' dir='ltr'>tres</span> <span class='ocrx_word' id='word_1_313' title='bbox 1079 2223 1177 2256; x_wconf 85' lang='lat' dir='ltr'>solae</span> <span class='ocrx_word' id='word_1_314' title='bbox 1214 2224 1352 2269; x_wconf 87' lang='lat' dir='ltr'>Cpolim</span> <span class='ocrx_word' id='word_1_315' title='bbox 1377 2226 1553 2270; x_wconf 74' lang='lat' dir='ltr'>emigran-</span> 
     </span>
     <span class='ocr_line' id='line_1_36' title="bbox 54 2269 1553 2318; baseline -0.001 -10"><span class='ocrx_word' id='word_1_316' title='bbox 54 2272 58 2275; x_wconf 67' lang='grc'><strong>’</strong></span> <span class='ocrx_word' id='word_1_317' title='bbox 110 2281 164 2308; x_wconf 85' lang='lat' dir='ltr'>tes</span> <span class='ocrx_word' id='word_1_318' title='bbox 188 2272 364 2318; x_wconf 85' lang='lat' dir='ltr'>principio</span> <span class='ocrx_word' id='word_1_319' title='bbox 388 2271 426 2302; x_wconf 88' lang='lat' dir='ltr'><em>in</em></span> <span class='ocrx_word' id='word_1_320' title='bbox 442 2269 696 2302; x_wconf 85' lang='lat' dir='ltr'>monasterium</span> <span class='ocrx_word' id='word_1_321' title='bbox 715 2269 888 2302; x_wconf 81' lang='lat' dir='ltr'>Clerenae</span> <span class='ocrx_word' id='word_1_322' title='bbox 914 2276 1099 2303; x_wconf 85' lang='lat' dir='ltr'>venerunt.</span> <span class='ocrx_word' id='word_1_323' title='bbox 1123 2282 1233 2316; x_wconf 85' lang='lat' dir='ltr'>quum</span> <span class='ocrx_word' id='word_1_324' title='bbox 1261 2277 1378 2304; x_wconf 88' lang='lat' dir='ltr'>autem</span> <span class='ocrx_word' id='word_1_325' title='bbox 1407 2279 1553 2307; x_wconf 80' lang='lat' dir='ltr'>sanctae</span> 
     </span>
     <span class='ocr_line' id='line_1_37' title="bbox 111 2315 1553 2363; baseline -0.001 -9"><span class='ocrx_word' id='word_1_326' title='bbox 111 2322 210 2354; x_wconf 85' lang='lat' dir='ltr'>iliius</span> <span class='ocrx_word' id='word_1_327' title='bbox 252 2318 403 2352; x_wconf 83' lang='lat' dir='ltr'>feminae</span> <span class='ocrx_word' id='word_1_328' title='bbox 440 2317 550 2349; x_wconf 88' lang='lat' dir='ltr'>virtus</span> <span class='ocrx_word' id='word_1_329' title='bbox 577 2322 613 2348; x_wconf 83' lang='lat' dir='ltr'>et</span> <span class='ocrx_word' id='word_1_330' title='bbox 646 2315 844 2349; x_wconf 79' lang='lat' dir='ltr'>litterarum</span> <span class='ocrx_word' id='word_1_331' title='bbox 882 2327 1057 2349; x_wconf 85' lang='lat' dir='ltr'>sacrarum</span> <span class='ocrx_word' id='word_1_332' title='bbox 1101 2318 1230 2362; x_wconf 80' lang='lat' dir='ltr'>peritia</span> <span class='ocrx_word' id='word_1_333' title='bbox 1274 2318 1481 2363; x_wconf 82' lang='lat' dir='ltr'>imperatori</span> <span class='ocrx_word' id='word_1_334' title='bbox 1517 2326 1553 2354; x_wconf 85' lang='lat' dir='ltr'>et</span> 
     </span>
     <span class='ocr_line' id='line_1_38' title="bbox 110 2362 1552 2414; baseline 0 -14"><span class='ocrx_word' id='word_1_335' title='bbox 110 2366 360 2414; x_wconf 79' lang='lat' dir='ltr'>patriarchae,</span> <span class='ocrx_word' id='word_1_336' title='bbox 396 2363 655 2407; x_wconf 82' lang='lat' dir='ltr'>universaeque</span> <span class='ocrx_word' id='word_1_337' title='bbox 705 2362 840 2396; x_wconf 77' lang='lat' dir='ltr'>civitati</span> <span class='ocrx_word' id='word_1_338' title='bbox 876 2363 1114 2405; x_wconf 82' lang='lat' dir='ltr'>innotuisset,</span> <span class='ocrx_word' id='word_1_339' title='bbox 1158 2364 1349 2409; x_wconf 85' lang='lat' dir='ltr'>imperator</span> <span class='ocrx_word' id='word_1_340' title='bbox 1382 2366 1414 2399; x_wconf 89' lang='lat' dir='ltr'><em>ei</em></span> <span class='ocrx_word' id='word_1_341' title='bbox 1452 2367 1552 2400; x_wconf 84' lang='lat' dir='ltr'>aliud</span> 
     </span>
     <span class='ocr_line' id='line_1_39' title="bbox 111 2409 1552 2456; baseline -0.001 -8"><span class='ocrx_word' id='word_1_342' title='bbox 111 2415 224 2448; x_wconf 85' lang='lat' dir='ltr'>maius</span> <span class='ocrx_word' id='word_1_343' title='bbox 247 2418 284 2446; x_wconf 84' lang='lat' dir='ltr'>et</span> <span class='ocrx_word' id='word_1_344' title='bbox 307 2410 524 2455; x_wconf 79' lang='lat' dir='ltr'>locupletius</span> <span class='ocrx_word' id='word_1_345' title='bbox 551 2410 804 2442; x_wconf 81' lang='lat' dir='ltr'>monasterium</span> <span class='ocrx_word' id='word_1_346' title='bbox 828 2409 921 2442; x_wconf 87' lang='lat' dir='ltr'>tradi</span> <span class='ocrx_word' id='word_1_347' title='bbox 947 2411 1070 2451; x_wconf 82' lang='lat' dir='ltr'>iussit,</span> <span class='ocrx_word' id='word_1_348' title='bbox 1097 2410 1298 2455; x_wconf 83' lang='lat' dir='ltr'>patriarcha</span> <span class='ocrx_word' id='word_1_349' title='bbox 1323 2413 1552 2456; x_wconf 84' lang='lat' dir='ltr'>patriarchali</span> 
     </span>
     <span class='ocr_line' id='line_1_40' title="bbox 113 2456 1552 2502; baseline 0 -7"><span class='ocrx_word' id='word_1_350' title='bbox 113 2461 325 2496; x_wconf 80' lang='lat' dir='ltr'>auctoritate</span> <span class='ocrx_word' id='word_1_351' title='bbox 365 2456 550 2497; x_wconf 73' lang='lat' dir='ltr'>omnibus,</span> <span class='ocrx_word' id='word_1_352' title='bbox 586 2467 677 2501; x_wconf 87' lang='lat' dir='ltr'>quae</span> <span class='ocrx_word' id='word_1_353' title='bbox 712 2456 870 2498; x_wconf 83' lang='lat' dir='ltr'>vellent,</span> <span class='ocrx_word' id='word_1_354' title='bbox 897 2456 994 2490; x_wconf 85' lang='lat' dir='ltr'>urbis</span> <span class='ocrx_word' id='word_1_355' title='bbox 1019 2458 1227 2490; x_wconf 85' lang='lat' dir='ltr'>mulieribus</span> <span class='ocrx_word' id='word_1_356' title='bbox 1253 2464 1464 2502; x_wconf 85' lang='lat' dir='ltr'>potestatem</span> <span class='ocrx_word' id='word_1_357' title='bbox 1489 2464 1552 2494; x_wconf 87' lang='lat' dir='ltr'>de-</span> 
     </span>
     <span class='ocr_line' id='line_1_41' title="bbox 114 2503 1552 2550; baseline 0 -8"><span class='ocrx_word' id='word_1_358' title='bbox 114 2509 180 2550; x_wconf 85' lang='lat' dir='ltr'>dit,</span> <span class='ocrx_word' id='word_1_359' title='bbox 203 2508 259 2540; x_wconf 81' lang='lat' dir='ltr'>illi</span> <span class='ocrx_word' id='word_1_360' title='bbox 277 2517 312 2539; x_wconf 81' lang='lat' dir='ltr'>se</span> <span class='ocrx_word' id='word_1_361' title='bbox 334 2503 555 2548; x_wconf 79' lang='lat' dir='ltr'>aggregandi,</span> <span class='ocrx_word' id='word_1_362' title='bbox 580 2504 672 2536; x_wconf 88' lang='lat' dir='ltr'>cives</span> <span class='ocrx_word' id='word_1_363' title='bbox 698 2514 788 2548; x_wconf 85' lang='lat' dir='ltr'>quae</span> <span class='ocrx_word' id='word_1_364' title='bbox 819 2509 938 2537; x_wconf 87' lang='lat' dir='ltr'>esseut</span> <span class='ocrx_word' id='word_1_365' title='bbox 961 2505 1158 2537; x_wconf 80' lang='lat' dir='ltr'>necessaria</span> <span class='ocrx_word' id='word_1_366' title='bbox 1184 2504 1229 2536; x_wconf 86' lang='lat' dir='ltr'><em>ad</em></span> <span class='ocrx_word' id='word_1_367' title='bbox 1256 2516 1308 2538; x_wconf 87' lang='lat' dir='ltr'>res</span> <span class='ocrx_word' id='word_1_368' title='bbox 1337 2506 1552 2542; x_wconf 84' lang='lat' dir='ltr'>ordinandas</span> 
     </span>
     <span class='ocr_line' id='line_1_42' title="bbox 115 2549 1553 2595; baseline -0.001 -5"><span class='ocrx_word' id='word_1_369' title='bbox 115 2562 153 2590; x_wconf 80' lang='lat' dir='ltr'>et:</span> <span class='ocrx_word' id='word_1_370' title='bbox 177 2550 472 2588; x_wconf 82' lang='lat' dir='ltr'>administrandas</span> <span class='ocrx_word' id='word_1_371' title='bbox 497 2556 674 2595; x_wconf 85' lang='lat' dir='ltr'>praestare</span> <span class='ocrx_word' id='word_1_372' title='bbox 692 2550 734 2582; x_wconf 87' lang='lat' dir='ltr'><em>iis</em></span> <span class='ocrx_word' id='word_1_373' title='bbox 750 2549 930 2584; x_wconf 82' lang='lat' dir='ltr'>volebant.</span> <span class='ocrx_word' id='word_1_374' title='bbox 953 2561 1072 2595; x_wconf 88' lang='lat' dir='ltr'>neque</span> <span class='ocrx_word' id='word_1_375' title='bbox 1099 2551 1192 2583; x_wconf 87' lang='lat' dir='ltr'>enim</span> <span class='ocrx_word' id='word_1_376' title='bbox 1210 2551 1283 2584; x_wconf 85' lang='lat' dir='ltr'>illis</span> <span class='ocrx_word' id='word_1_377' title='bbox 1308 2558 1384 2586; x_wconf 85' lang='lat' dir='ltr'>erat</span> <span class='ocrx_word' id='word_1_378' title='bbox 1407 2555 1464 2587; x_wconf 85' lang='lat' dir='ltr'>vel</span> <span class='ocrx_word' id='word_1_379' title='bbox 1489 2566 1553 2588; x_wconf 87' lang='lat' dir='ltr'>au—</span> 
     </span>
     <span class='ocr_line' id='line_1_43' title="bbox 116 2596 1552 2642; baseline 0 -6"><span class='ocrx_word' id='word_1_380' title='bbox 116 2614 191 2636; x_wconf 77' lang='lat' dir='ltr'>rum</span> <span class='ocrx_word' id='word_1_381' title='bbox 209 2627 218 2641; x_wconf 93' lang='lat'>‚</span> <span class='ocrx_word' id='word_1_382' title='bbox 244 2601 299 2632; x_wconf 87' lang='lat' dir='ltr'>vel</span> <span class='ocrx_word' id='word_1_383' title='bbox 326 2603 529 2642; x_wconf 82' lang='lat' dir='ltr'>argentum,</span> <span class='ocrx_word' id='word_1_384' title='bbox 551 2597 608 2630; x_wconf 87' lang='lat' dir='ltr'>vel</span> <span class='ocrx_word' id='word_1_385' title='bbox 632 2596 731 2629; x_wconf 86' lang='lat' dir='ltr'>aliud</span> <span class='ocrx_word' id='word_1_386' title='bbox 757 2597 952 2642; x_wconf 84' lang='lat' dir='ltr'>quidquam</span> <span class='ocrx_word' id='word_1_387' title='bbox 976 2599 1045 2630; x_wconf 88' lang='lat' dir='ltr'>nisi</span> <span class='ocrx_word' id='word_1_388' title='bbox 1071 2608 1159 2642; x_wconf 89' lang='lat' dir='ltr'>opus</span> <span class='ocrx_word' id='word_1_389' title='bbox 1185 2609 1350 2632; x_wconf 90' lang='lat' dir='ltr'>manuum</span> <span class='ocrx_word' id='word_1_390' title='bbox 1369 2605 1403 2633; x_wconf 84' lang='lat' dir='ltr'>et</span> <span class='ocrx_word' id='word_1_391' title='bbox 1431 2601 1552 2635; x_wconf 78' lang='lat' dir='ltr'>divina</span> 
     </span>
     <span class='ocr_line' id='line_1_44' title="bbox 115 2643 1555 2695; baseline 0 -13"><span class='ocrx_word' id='word_1_392' title='bbox 115 2660 181 2695; x_wconf 86' lang='lat' dir='ltr'>per</span> <span class='ocrx_word' id='word_1_393' title='bbox 206 2646 430 2691; x_wconf 79' lang='lat' dir='ltr'>magistratus</span> <span class='ocrx_word' id='word_1_394' title='bbox 467 2643 703 2688; x_wconf 85' lang='lat' dir='ltr'>providentia.</span> <span class='ocrx_word' id='word_1_395' title='bbox 736 2644 879 2688; x_wconf 80' lang='lat' dir='ltr'>itaque,</span> <span class='ocrx_word' id='word_1_396' title='bbox 906 2655 1015 2688; x_wconf 83' lang='lat' dir='ltr'>quum</span> <span class='ocrx_word' id='word_1_397' title='bbox 1046 2656 1119 2676; x_wconf 88' lang='lat' dir='ltr'><em>non</em></span> <span class='ocrx_word' id='word_1_398' title='bbox 1147 2645 1196 2677; x_wconf 84' lang='lat' dir='ltr'><em>ita</em></span> <span class='ocrx_word' id='word_1_399' title='bbox 1222 2646 1378 2690; x_wconf 82' lang='lat' dir='ltr'>amplum</span> <span class='ocrx_word' id='word_1_400' title='bbox 1403 2647 1555 2682; x_wconf 88' lang='lat' dir='ltr'>domici-</span> 
     </span>
     <span class='ocr_line' id='line_1_45' title="bbox 115 2689 1552 2739; baseline 0.001 -11"><span class='ocrx_word' id='word_1_401' title='bbox 115 2696 204 2728; x_wconf 74' lang='lat' dir='ltr'>iium</span> <span class='ocrx_word' id='word_1_402' title='bbox 229 2693 398 2731; x_wconf 83' lang='lat' dir='ltr'>haberet,</span> <span class='ocrx_word' id='word_1_403' title='bbox 433 2689 478 2722; x_wconf 86' lang='lat' dir='ltr'><em>ad</em></span> <span class='ocrx_word' id='word_1_404' title='bbox 510 2690 617 2724; x_wconf 85' lang='lat' dir='ltr'>vitam</span> <span class='ocrx_word' id='word_1_405' title='bbox 644 2701 686 2723; x_wconf 85' lang='lat' dir='ltr'>ex</span> <span class='ocrx_word' id='word_1_406' title='bbox 719 2690 868 2735; x_wconf 84' lang='lat' dir='ltr'>imperio</span> <span class='ocrx_word' id='word_1_407' title='bbox 896 2691 970 2723; x_wconf 82' lang='lat' dir='ltr'>eius</span> <span class='ocrx_word' id='word_1_408' title='bbox 995 2691 1167 2733; x_wconf 81' lang='lat' dir='ltr'>agendam</span> <span class='ocrx_word' id='word_1_409' title='bbox 1204 2697 1257 2725; x_wconf 83' lang='lat' dir='ltr'><em>tot</em></span> <span class='ocrx_word' id='word_1_410' title='bbox 1281 2693 1552 2739; x_wconf 80' lang='lat' dir='ltr'>confluxerunt,</span> 
     </span>
     <span class='ocr_line' id='line_1_46' title="bbox 117 2737 1550 2787; baseline 0 -12"><span class='ocrx_word' id='word_1_411' title='bbox 117 2747 206 2787; x_wconf 84' lang='lat' dir='ltr'>quot</span> <span class='ocrx_word' id='word_1_412' title='bbox 229 2751 303 2775; x_wconf 85' lang='lat' dir='ltr'><em>non</em></span> <span class='ocrx_word' id='word_1_413' title='bbox 342 2742 591 2773; x_wconf 79' lang='lat' dir='ltr'>concesserunt</span> <span class='ocrx_word' id='word_1_414' title='bbox 627 2737 664 2772; x_wconf 88' lang='lat' dir='ltr'><em>in</em></span> <span class='ocrx_word' id='word_1_415' title='bbox 700 2737 951 2772; x_wconf 81' lang='lat' dir='ltr'>monasterium</span> <span class='ocrx_word' id='word_1_416' title='bbox 991 2737 1090 2771; x_wconf 83' lang='lat' dir='ltr'>Libis</span> <span class='ocrx_word' id='word_1_417' title='bbox 1123 2744 1159 2772; x_wconf 85' lang='lat' dir='ltr'>et</span> <span class='ocrx_word' id='word_1_418' title='bbox 1186 2738 1348 2774; x_wconf 79' lang='lat' dir='ltr'>Marthae</span> <span class='ocrx_word' id='word_1_419' title='bbox 1377 2740 1550 2777; x_wconf 86' lang='lat' dir='ltr'>dominae.</span> 
     </span>
    </p>
   </div>
  </div>
 </body>
</html>
