1806 3190
309 129 326 163 ι
341 100 414 174 04}
714 124 943 165 Gssossen
990 117 1310 162 mfflANmE

299 223 371 266 καί
398 226 436 266 Γ
434 224 658 277 λαρέντζας
697 220 769 263 καί
810 221 1013 274 Πάτρας,
1056 218 1130 261 καί
1155 216 1206 260 τά
1241 219 1364 272 ἕτερα
1391 215 1552 260 ἐκεῖθεν
1577 219 1739 274 χωρία,

297 289 452 344 βουλήν
480 286 726 342 βουλεύεται
755 288 798 328 ἐν
825 288 874 343 τῇ
902 287 1068 342 διανοίᾳ
1097 281 1274 339 συνετὴν
1301 280 1375 324 καί
1392 282 1537 339 σοφήν.
1593 281 1667 325 καί
1691 279 1742 338 ἦν

298 355 324 410 ἧ
349 352 480 409 βουλή
511 356 582 395 καί
604 353 625 396 ὁ
655 351 773 406 λόγος
800 350 920 407 ἔργον
948 349 1099 400 εὐθύς·
1159 347 1394 403 ἰλιγγιάσας
1418 347 1499 403 γάρ
1528 349 1743 404 περιοδεῦ-

297 438 370 462 σαι
405 419 479 474 τὴν
510 415 832 472 Πελοπόννησον
868 415 938 458 διά
969 414 1259 471 Μυρμιδόνων
1295 413 1369 456 καί
1387 410 1643 470 Ἐπιδαύρου
1671 417 1746 457 καί

298 488 478 527 Μαλὲου
507 483 581 524 καί
598 485 828 537 Νεταριόυ,
861 483 931 523 διὰ
963 479 1165 523 δυσκόλου
1187 481 1295 522 πλοῦ
1320 478 1394 521 καὶ
1420 482 1568 533 χιλίων
1590 482 1779 534 μιλίωνό

297 553 426 605 μῆκος
454 548 664 604 τηνάλλως
708 547 1000 602 ἄναμετρήσας
1027 563 1071 589 τε
1107 545 1180 589 καί
1205 544 1480 601 προσήκοντος
1508 544 1743 601 ὑστερήσας

297 615 475 668 καιροῦ,
508 614 562 663 ὥς
592 609 704 667 εἶχεν
723 647 734 666 ,
777 612 905 661 εὐθὺς
933 613 984 669 τῇ
1015 611 1120 669 αὐτῇ
1148 612 1266 653 νυκτὶ
1299 610 1370 652 διά
1399 610 1474 652 τοῦ
1507 612 1743 665 Κορινθια·

298 682 373 721 κοῦ
400 679 559 732 ἰσθμοῦ
587 671 832 736 πολυχειριζι
858 676 1125 733 χρησάμενος
1155 675 1260 732 πρὸς
1286 675 1360 732 τὴν
1387 679 1545 720 ἐκεῖθεν
1573 675 1745 732 δυτικῆν

300 745 541 797 θάλασσαν,
574 746 748 799 πλησίον
777 746 851 786 τοῦ
871 745 1109 798 ὀρύγματος
1130 740 1234 784 ὅπου
1268 740 1406 784 τὸτοῦ
1429 743 1587 795 ἰσθμοῦ
1610 746 1745 796 τεῖχος

299 810 497 866 ἐγεγόνει,
516 810 619 852 κατά
637 809 682 852 τὸ
703 812 825 864 ξηρὸν
842 807 1080 863 διαβιβάζει
1095 807 1171 858 τάς
1184 810 1301 863 νῆας.
1331 805 1564 862 ἐμβιβάσας
1581 808 1628 849 δὲ
1642 805 1744 850 λαὸν
1761 827 1791 854 1«

300 880 372 919 καί
398 871 554 930 ἄνδρας
582 878 798 930 μαχίμους
836 873 1048 927 συντόμως
1079 875 1122 915 ἐν
1152 873 1302 922 αὐταῖς
1330 874 1436 928 ὑπὲρ
1465 872 1511 915 τὸ
1545 871 1743 928 ἀρκετόν,

302 938 397 984 ὅσον
413 938 463 997 ἦν
483 941 673 995 δυνατόν,
693 940 813 994 ἔργου
833 939 981 994 εἴχετο.
1009 942 1081 980 καί
1094 941 1224 994 μηδὲν
1243 938 1476 990 ἐλπίζοντες
1496 939 1534 980 οἱ
1555 941 1747 991 πολέμιοι

301 1010 467 1061 Κρῆτες
497 1009 589 1064 (ἐπί
613 1008 792 1048 Μαλέου
820 1004 899 1060 γὰρ
922 1001 1035 1059 εἶχον
1055 1004 1128 1052 τὰς
1157 1003 1469 1059 ἡμεροσκόπους
1499 1006 1570 1046 καί
1599 1019 1744 1047 νυκτο-

302 1071 482 1122 σκόπους
497 1078 637 1125 ταχεῖς
658 1074 759 1126 νῆας
780 1069 1018 1127 φυλάττειν,
1048 1068 1122 1112 ἐάν
1138 1086 1202 1119 τις
1215 1068 1361 1119 στόλος
1381 1069 1614 1123 Ῥωμαϊκὸς
1644 1069 1746 1128 ἔλθῃ
1805 1093 1806 1099 ¹

235 1146 281 1190 24
304 1141 392 1180 κατ’
422 1138 578 1193 αὐτῶν)
603 1134 737 1185 οὕτως
763 1137 983 1192 αἰφνιδίως
1003 1138 1232 1177 ἐπιτίθεται
1261 1136 1418 1188 αύτοῖς,
1447 1133 1518 1177 καὶ
1532 1135 1748 1191 συγχύσας
1766 1143 1801 1182 ιέ

301 1203 374 1245 καί
396 1202 651 1258 συνταράξας
680 1202 861 1254 αὐτούς,
897 1204 956 1250 εἷς
992 1200 1129 1257 φυγήν
1157 1200 1403 1255 ἐτράπησαν.
1460 1199 1537 1250 τοὶς
1566 1205 1644 1254 μὲν
1675 1198 1750 1244 οὖν

301 1269 572 1323 πυρπολήσας
602 1269 658 1324 τῷ
687 1267 801 1325 ὑγρῷ
845 1268 950 1320 πυρὶ
976 1265 1051 1315 τὰς
1080 1269 1125 1308 δὲ
1154 1266 1457 1316 καταποντίσας
1485 1266 1562 1316 τὰς
1590 1269 1637 1310 δὲ
1669 1269 1749 1319 ζω·

300 1332 457 1388 γρήσας
501 1335 584 1374 τῶν
623 1331 830 1385 πολεμίων
866 1333 1002 1386 νηῶν,
1040 1329 1140 1381 τούς
1184 1333 1228 1372 δὲ
1263 1332 1506 1386 βαρβάρους
1548 1331 1645 1382 τούς
1672 1335 1751 1385 μὲν

300 1400 461 1441 α’νελών·
487 1400 543 1455 τῷ
572 1399 684 1453 ξίφει
712 1396 810 1447 τούς
848 1399 894 1439 δὲ
922 1398 1206 1451 ὑποβρυχίους
1246 1399 1550 1452 ποιησάμενος,
1581 1398 1653 1441 καὶ
1679 1397 1752 1441 τὸν

302 1466 518 1518 ναυάρχην
544 1466 617 1505 καί
644 1462 852 1517 αὐθέντην
883 1458 1022 1504 αὐτῶν
1052 1462 1233 1515 α’νελιόν,
1261 1461 1358 1512 τούς
1387 1463 1558 1514 λοιποὺς
1583 1465 1748 1507 διασκε-
1763 1484 1806 1510 20

303 1532 513 1584 δασθῆναι
554 1527 657 1570 κατά
705 1527 781 1583 τήν
821 1530 945 1582 νῆσον
984 1525 1234 1582 ἠνάγκασεν·
1305 1524 1395 1570 εἶτα
1436 1527 1566 1578 αὐτὸς
1594 1528 1750 1579 πάντας

305 1594 522 1651 ζωγρήσας
550 1593 621 1636 καί
646 1592 907 1649 σαγηνεύσας
934 1590 1157 1648 διαφόροις
1186 1595 1408 1650 τιμωρίαις
1435 1595 1622 1648 ἐνέβαλε.
1680 1595 1750 1638 καί

398 1723 429 1755 5.
453 1722 604 1767 τετάρου
636 1720 813 1756 δυσκόλου
839 1721 863 1754 Ρ
965 1722 997 1753 6.
1023 1720 1086 1760 τῆς
1109 1718 1207 1759 ἅλως
1230 1719 1269 1753 Μ
1376 1721 1702 1769 ἅναμετρὴσαντος
1723 1723 1748 1757 Ρ

401 1780 451 1825 ιιι.
480 1767 638 1849 deriguit»
661 1770 685 1802 P
786 1780 835 1814 ¹7·
859 1768 909 1814 τῷ
933 1764 1035 1814 ὑγρῷ
1057 1770 1150 1814 πυρὶ
1177 1779 1232 1801 om
1261 1768 1299 1802 M
1406 1772 1463 1805 ,ιὸ.
1498 1771 1573 1807 τῶν
1597 1770 1638 1805 δὲ
1659 1775 1750 1817 βαρ-

396 1819 525 1863 βαρων

303 1933 422 1973 partes
447 1927 597 1968 insulae,
608 1927 821 1969 Mothonen,
837 1927 1353 1971 Pylum,G1a=-entzam‚Patras
1368 1928 1557 1974 etreliqua
1578 1928 1676 1962 illius
1695 1939 1751 1963 re·
1800 1940 1802 1942 ·

303 1976 419 2020 gionis
432 1975 509 2008 loca
521 1975 684 2020 populari
699 1974 891 2008 audivisset
901 2001 910 2015 ,
925 1976 1110 2008 consilium
1126 1977 1241 2008 animo
1252 1977 1348 2021 cepit
1358 1975 1514 2020 prudens
1528 1980 1565 2009 et
1573 1975 1751 2009 callidum.

304 2029 414 2067 atque
431 2022 619 2055 consilium
637 2027 673 2054 et
690 2021 835 2055 verbum
854 2022 973 2054 statim
989 2023 1130 2067 excepit
1152 2023 1229 2067 ipsa
1255 2034 1319 2056 res.
1339 2034 1450 2068 quum
1477 2023 1570 2056 enim
1589 2022 1750 2056 horreret

304 2069 488 2102 circumire
500 2069 783 2113 Peloponnesum
812 2079 877 2113 per
889 2069 1143 2112 Myrmidones,
1172 2070 1404 2114 Epidaurum,
1431 2069 1583 2102 Maleam
1613 2075 1650 2103 et
1672 2070 1750 2103 Ne-

303 2117 446 2157 tarium,
468 2126 514 2149 ne
538 2116 802 2159 navigationem
829 2115 1013 2148 molestam
1042 2116 1179 2149 subiret
1210 2122 1284 2158 aut,
1314 2117 1415 2150 mille
1437 2117 1644 2150 milliarium
1667 2118 1749 2150 lon-

303 2162 505 2206 gitudinem
526 2161 774 2208 nequidquam·
798 2173 977 2202 emensus,
1004 2162 1189 2196 adveniret
1211 2175 1307 2205 sero,
1344 2163 1464 2197 statim
1489 2164 1553 2196 illa
1579 2164 1657 2208 ipsa
1681 2174 1750 2197 no·

304 2215 384 2250 cte,
406 2210 601 2243 multorum
626 2221 706 2242 usus
733 2219 852 2254 opera,
879 2221 943 2253 per
970 2209 1139 2242 Isthmum
1163 2209 1428 2244 Corinthiacum
1456 2210 1501 2243 ad
1526 2210 1749 2244 occidentale

304 2266 420 2296 mare,
445 2267 558 2301 prope
581 2256 730 2296 fossam,
754 2255 818 2288 ubi
842 2267 959 2288 murus
987 2257 1111 2289 Isthmi
1137 2263 1235 2299 erat,
1262 2269 1326 2303 per
1347 2263 1478 2291 terram
1501 2269 1608 2291 naves
1631 2263 1749 2291 trans-

306 2303 385 2336 fert.
411 2303 581 2347 imposito
621 2302 809 2336 confestim
843 2308 1066 2336 strenuorum
1102 2305 1258 2337 militum
1294 2315 1441 2337 numero
1465 2305 1609 2346 maiori,
1639 2315 1747 2350 quam

305 2350 389 2382 satis
415 2355 512 2391 erat,
552 2350 676 2394 operi,
714 2354 887 2394 quantum
922 2356 1088 2394 poterat,
1127 2351 1379 2393 incumbebat,
1417 2357 1526 2397 atque
1551 2351 1646 2385 nihil
1672 2351 1746 2384 tale

303 2402 486 2439 sperantes
515 2396 638 2429 Cretes
664 2395 795 2436 hostes,
824 2397 886 2441 qui
915 2396 960 2429 ad
984 2397 1137 2430 Maleam
1162 2398 1222 2430 diu
1249 2404 1431 2443 noctuque
1466 2399 1602 2432 celoces
1631 2398 1747 2431 habo-

304 2442 408 2482 baut,
434 2453 525 2486 quae
551 2442 806 2483 observarent,
833 2443 860 2476 si
886 2454 957 2487 qua
984 2445 1218 2477 Romanorum
1254 2446 1375 2478 classis
1399 2451 1522 2478 contra
1545 2446 1641 2490 ipsos
1665 2456 1746 2478 cur-

305 2501 380 2521 sum
407 2489 595 2528 tenderet,
619 2489 740 2522 subito
770 2489 921 2527 invadit,
951 2491 1190 2536 confusosque
1217 2498 1252 2524 ct
1278 2492 1440 2525 turbatos
1462 2493 1499 2525 in
1525 2493 1643 2536 fugam
1665 2502 1746 2525 ver-

304 2535 358 2568 tit.
383 2546 491 2568 naves
516 2548 640 2569 eorum
664 2536 792 2580 partim
818 2536 898 2580 igne
913 2536 1049 2569 Graeco
1078 2538 1260 2578 incendit,
1286 2540 1414 2584 partim
1443 2539 1635 2584 depressit,
1663 2549 1747 2583 par-

304 2582 367 2613 tim
394 2583 508 2626 cepit3
537 2582 703 2615 barbaros
730 2583 825 2628 ipsos
854 2589 916 2616 aut
938 2584 1058 2627 gladio
1085 2585 1286 2625 interemit,
1311 2591 1372 2618 aut
1396 2585 1504 2619 undis
1532 2585 1745 2624 summersit,

304 2634 432 2672 arque,
458 2630 574 2661 occiso
613 2640 733 2662 eorum
774 2629 862 2663 duce
887 2634 923 2663 et
951 2631 1133 2675 principe,
1167 2631 1326 2677 reliquos
1361 2643 1426 2676 per
1462 2633 1616 2665 insulam
1641 2637 1682 2665 ut
1706 2642 1747 2664 se

304 2673 520 2720 dissiparent
551 2677 687 2720 coegit:
723 2687 813 2722 quos
849 2681 968 2710 tamen
1006 2683 1129 2723 postea
1169 2690 1292 2712 omnes
1328 2679 1603 2725 comprehensos
1636 2678 1745 2711 variis
