1806 3190
257 173 328 212 m:
371 170 872 217 CONSTANTlNOPoLi
920 166 1264 211 OPPUGNATA.
1370 147 1488 222 459

43 271 124 311 ὑπο
153 267 226 324 τῆν
252 267 411 313 ἑαυτῶν
429 271 699 326 ἐποιήσαντο,
728 272 802 312 καί
827 268 932 327 ἡμᾶς
950 270 1235 323 ἀπεστέρησαν
1261 266 1386 320 τῆσδε
1414 268 1487 319 τῆς

43 333 201 384 πόλεως
229 334 361 379 πάντα
392 336 441 380 τὰ
470 339 640 392 πλησίον
656 370 668 391 ,
698 338 769 378 καὶ
791 333 943 391 ταύτης
971 333 1177 390 ἔφθειραν
1203 330 1486 388 ἑλεηλάτησαν

41 400 408 456 αἰχμαλώτευσαν,
434 403 505 446 καί
543 402 641 452 τούς
668 405 745 456 μὲν
769 404 848 445 τῶν
884 401 1049 454 ἀνδρῶν
1079 402 1356 454 κατέσφαξαν,
1388 395 1484 445 τοὺς

43 467 91 508 δὲ
117 468 190 508 καί
215 466 357 521 πόρρω
398 471 476 511 τοῦ
502 469 669 511 Ἰκονίου
706 469 781 509 καί
816 465 1129 521 Ἀρατζάπητας
1160 463 1319 519 Κύφας
1346 464 1483 516 διαβι-

4 531 260 585 ὅβάσαντες,
289 533 365 583 τὰς
394 536 440 576 δὲ
466 541 665 588 γυναῖκας
693 535 877 587 ἀσελγῶς
906 530 1326 587 αἰσχρουργὴσαντες,
1354 527 1404 570 τοὶ
1437 529 1484 570 δὲ

41 599 180 653 βρέφη
208 599 268 647 εἰς
295 599 521 654 περιτομὴν
548 602 606 656 τῷ
635 598 841 651 Μωάμεθ
866 601 1139 654 προσέφερον,
1167 597 1240 638 καὶ
1267 598 1348 638 πᾶν
1377 596 1484 647 ζῶον

42 661 124 704 ὕπὸ
156 662 281 718 ζυγὸν
307 667 380 706 καί
406 661 558 719 ἄζυγον
584 666 834 722 διέφθειραν
852 665 924 705 καί
951 661 1172 719 ἠφάνισαν.
1227 661 1302 717 τὴν
1331 663 1377 704 δὲ
1410 663 1483 716 ζη-

40 727 143 782 μίαν
170 732 254 770 τῶν
280 729 545 784 γεννημάτων
565 733 638 772 καί
662 732 744 772 τῶν
773 730 1028 783 ἀμπελώνων
1054 729 1126 784 τὴν
1141 728 1278 784 λύμην
1305 730 1368 777 τίς
1397 722 1483 781 ἄρα

42 797 115 836 καί
141 796 242 837 ποιά
285 795 510 852 δυνὴσηται
550 798 719 851 γλῶσσα
747 795 906 851 ταύτην
937 793 1197 849 ἑξιχνιάσαις
1227 795 1300 836 καί
1324 793 1405 849 γάρ
1437 795 1484 837 ἑν·

3 862 95 918 οτῷ
121 862 250 918 καιρῷ
269 863 340 916 τῆς
357 865 631 916 συγκλείσεως
662 861 1094 917 ἀπαραπροσδοκήτως
1123 862 1385 914 κατέδραμον
1409 861 1526 903 >eain

40 926 149 982 ἡμᾶς
165 928 427 981 ἀπέκλεισαν,
451 929 524 970 καί
548 927 627 970 ὑπὸ
649 927 723 983 τήν
742 926 984 970 δεσποτείαν
1006 927 1145 969 αυ’τῶν
1164 925 1300 967 πάντα
1328 924 1380 967 τὰ
1404 923 1484 977 ἔξω

38 993 238 1046 ἐγένοντο.
263 992 309 1034 τὸ
333 994 380 1035 δὲ
394 995 466 1035 καί
481 995 568 1043 πῶς
585 997 658 1036 καί
677 994 807 1036 πόθεν
828 995 900 1036 καί
918 996 971 1035 δι’
998 992 1048 1047 ἢν
1067 990 1206 1035 αἰτίαν
1227 992 1250 1046 ἢ
1279 989 1482 1048 συμφορὰ

39 1059 112 1099 καί
143 1056 283 1114 φθορά
327 1057 400 1100 καί
433 1062 567 1101 ταῦτα
597 1058 648 1102 τὰ
697 1061 916 1102 δεινότατα
947 1056 1111 1114 χαλεποὶ
1145 1063 1231 1107 τοῖς
1257 1059 1483 1111 δυστυχοῖς

38 1124 112 1164 καί
154 1123 321 1173 ἀθλίοις
360 1127 487 1180 ἐπέβη
509 1125 733 1179 Ῥωμαίοις
775 1127 938 1168 σιωπᾶν
988 1122 1088 1179 ἡμῖν
1124 1119 1294 1177 ἄμεινον
1326 1121 1480 1174 ἔδοξεν.

3 1189 110 1244 ὄτῆς
138 1190 186 1231 δὲ
213 1188 461 1245 πικροτάτης
486 1190 630 1246 μάχης
658 1192 816 1246 ἐκείνης
844 1193 917 1232 καί
938 1193 1014 1234 τοῦ
1042 1189 1379 1247 φρικωδεστάτου
1407 1204 1483 1230 πο-

38 1256 166 1308 λέμου
192 1253 238 1297 τὸ
264 1257 396 1311 πέρας
423 1255 506 1311 χρὴ
535 1257 830 1312 διηγήσασθαι.
886 1255 931 1299 τὸ
956 1259 1034 1310 μὲν
1060 1255 1141 1310 γὰρ
1162 1258 1324 1310 πρῶτον
1353 1252 1483 1307 στρά-

35 1334 170 1373 τευμα
206 1321 291 1363 τῶν
321 1321 675 1374 Μουσουλμάνων
717 1322 882 1365 ἐκείνων
916 1324 968 1378 τῇ
1007 1323 1159 1378 δεκάτῃ
1196 1323 1273 1363 τοῦ
1307 1320 1481 1364 Ἰουνίου

36 1387 273 1440 κατέδραμε
292 1389 366 1429 καί
385 1387 494 1441 ἡμᾶς
523 1388 776 1442 ἀπέκλεισεν,
805 1388 860 1437 ὦς
887 1391 1141 1444 προέφημεν,
1170 1389 1221 1444 τῇ
1247 1390 1292 1429 δὲ
1321 1389 1484 1443 εἰκοστῇ

34 1450 185 1493 τούτου
217 1448 338 1508 ἑτέρα
367 1452 501 1509 ἐφάνη
520 1453 701 1508 στρατιὰ
723 1453 1076 1507 Μουσουλμάνων
1108 1453 1164 1504 ὥς
1196 1456 1320 1515 νέφος
1347 1450 1480 1507 χαλά-
1497 1465 1530 1499 Ρ.
1549 1461 1611 1511 189

0 1517 111 1571 οζης
138 1518 298 1573 πλήρης
338 1519 411 1560 καί
436 1519 634 1574 τετρυγὸς
674 1521 885 1576 ὀλέθριον,
912 1519 985 1561 καί
1009 1522 1149 1562 πᾶσαν
1181 1519 1253 1561 καί
1281 1518 1483 1561 παντοίαν

35 1580 112 1636 τήν
141 1582 223 1624 ὑπὸ
250 1586 331 1626 τῶν
354 1584 574 1638 Ῥωμαίων
604 1585 865 1640 η’μαύρωσαν
887 1588 978 1642 γῆν,
1011 1588 1084 1627 καί
1110 1585 1165 1636 ὥς
1194 1586 1301 1642 φλὸξ
1329 1584 1483 1639 ἀστρα-

35 1649 115 1703 πῆς
144 1651 368 1706 καιομένης
395 1652 529 1693 πάντα
562 1653 794 1694 κατέκαυσε
835 1653 908 1694 καί
933 1648 1162 1707 ἐνεπύρισε,
1197 1650 1270 1693 καὶ
1295 1652 1380 1693 πᾶν
1409 1648 1482 1702 ξύ-

126 1786 159 1809 2.
185 1776 324 1811 ταῦταὲ
442 1779 474 1811 3.
499 1780 739 1827 κατέφραξαν
763 1779 869 1824 vulgo
965 1790 1022 1813 20.
1051 1779 1217 1827 ὀλέθριος
1242 1779 1350 1824 vulgo

31 1893 132 1938 perio
160 1892 352 1928 obnoxiam
377 1901 559 1930 momento
586 1898 756 1942 temporis
783 1897 937 1942 subegit,
962 1898 1200 1943 spoliavitque
1226 1907 1290 1930 nos
1316 1896 1481 1931 omnibus

32 1940 126 1973 cirea
152 1939 245 1974 hanc
274 1941 398 1975 urbem
423 1943 510 1977 locis
533 1943 710 1990 bonisque
735 1945 874 1985 evertit,
900 1946 1026 1989 partim
1053 1944 1158 1978 rebus
1183 1943 1324 1983 deletis,
1350 1945 1480 1989 partim

29 1986 163 2032 praeda
186 1989 368 2033 surreptis,
397 1992 578 2035 partimin
603 1992 810 2025 servitutem
834 1991 990 2035 abactis3
1016 2003 1059 2024 ex
1084 1990 1289 2024 hominibus
1316 1990 1380 2024 bos
1400 1991 1480 2036 qui-

31 2032 111 2066 dem
135 2035 214 2067 neci
239 2034 407 2076 tradidit,
439 2037 530 2070 alios
549 2038 654 2081 longe
674 2044 710 2071 et
737 2039 830 2072 ultra
848 2039 1008 2071 Iconium
1036 2043 1072 2071 et
1088 2039 1315 2081 Aratzapetas
1341 2037 1481 2082 Cyphas

28 2081 234 2122 transmisit,
252 2082 464 2117 mulieribus
481 2095 563 2118 vero
579 2085 624 2117 ad
641 2085 864 2130 impuritates
881 2097 1002 2118 omnes
1017 2091 1053 2118 et
1070 2086 1188 2130 turpia
1208 2084 1273 2117 sibi
1298 2085 1483 2129 expositis,

29 2126 77 2160 ad
102 2132 185 2160 vota
212 2129 364 2174 quisque
381 2141 443 2164 sua
469 2137 642 2176 quantum
660 2131 775 2166 libido
805 2132 911 2174 tulit,
937 2132 1115 2175 abutitur3
1140 2143 1267 2177 pueros
1293 2131 1480 2164 circumci-

31 2173 169 2207 dendos
181 2174 386 2210 Moametho
407 2179 579 2220 offerunt3
606 2179 773 2212 animalia
791 2184 863 2213 tum
882 2179 1002 2223 iugum
1021 2179 1111 2212 ferre
1129 2184 1211 2211 nata
1228 2183 1300 2210 tum
1320 2178 1480 2221 iniugata

29 2219 206 2254 trucidata
234 2223 379 2267 penitus
405 2223 614 2268 abolerunt3
654 2226 780 2259 damna
806 2237 890 2260 vero
915 2237 1006 2272 quae
1036 2237 1079 2258 ex
1106 2225 1259 2258 concisis
1288 2225 1477 2259 fruticibus

31 2272 69 2301 et
92 2268 206 2301 vineis
241 2269 431 2305 devastatis
469 2278 660 2306 consecuta
696 2278 801 2315 sunt,
836 2273 917 2318 quis
959 2284 1115 2317 unquam
1147 2277 1209 2305 aut
1244 2282 1336 2316 quae
1362 2272 1477 2305 oratio

31 2315 200 2360 consequi
226 2317 386 2360 poterit?
433 2329 513 2352 nam
543 2320 661 2352 statim
686 2326 792 2365 atque
818 2319 903 2352 urbs
928 2318 1093 2353 concludi
1122 2323 1249 2362 coepta
1281 2323 1345 2357 est,
1370 2329 1478 2362 prae-

29 2366 86 2394 ter
107 2364 410 2407 exspectationem
445 2366 582 2410 impetu
607 2367 702 2400 facto
726 2377 791 2400 nos
822 2366 1010 2405 obseravit,
1041 2365 1232 2409 omniaque
1261 2375 1354 2409 quae
1379 2371 1478 2398 extra

30 2413 133 2442 erant
155 2409 194 2441 in
228 2414 441 2454 potestatem
477 2424 577 2446 suam
607 2412 753 2457 redegit.
819 2418 938 2447 tantae
964 2423 1045 2445 vero
1073 2412 1285 2445 calamitatis
1315 2412 1476 2445 interne-

30 2454 142 2488 cionis
167 2460 204 2488 et
218 2457 516 2492 atrocissimorum
543 2459 833 2500 infortuniorum,
863 2460 993 2506 quibus
1010 2458 1130 2492 miseri
1157 2470 1197 2491 ac
1223 2459 1386 2491 infelices
1407 2460 1477 2491 Ro-

30 2501 125 2536 mani
150 2503 314 2547 oppressi
356 2510 461 2546 sunt,
500 2506 644 2539 modum
686 2507 857 2551 originem
884 2513 920 2539 et
947 2516 1084 2539 causam
1109 2505 1253 2538 silentio
1281 2506 1477 2549 praeterire

31 2548 141 2581 satius
169 2559 244 2583 esse
269 2549 367 2591 duxi,
396 2562 559 2586 enarrare
583 2564 667 2586 vero
682 2554 916 2587 necessarium
942 2563 1081 2597 pugnae
1106 2552 1202 2585 illius
1228 2552 1476 2586 acerbissimae

31 2599 69 2628 et
95 2593 330 2629 horridissimi
361 2598 545 2633 conflictus
570 2602 716 2633 exitum.
764 2601 900 2645 primae
926 2600 1058 2632 etenim
1086 2599 1391 2632 Musulmanorum
1416 2611 1476 2632 co-

29 2641 125 2686 piae,
157 2647 197 2675 ut
221 2643 399 2685 diximus,
429 2645 566 2679 decimo
590 2648 686 2680 lunii
714 2647 774 2680 die
799 2648 973 2679 irruentes
998 2657 1062 2679 nos
1094 2646 1131 2679 in
1165 2645 1252 2678 urbe
1282 2647 1474 2679 occlusere.

29 2688 198 2731 vigesimo
224 2691 383 2724 eiusdem
409 2691 479 2725 alia
502 2693 807 2727 Musulmanorum
836 2704 958 2726 manus
978 2692 1195 2730 adveniens.
1220 2692 1332 2727 veluti
1360 2693 1477 2726 nubes

32 2734 213 2780 grandinis
239 2736 369 2785 piena,
409 2744 446 2773 et
477 2741 676 2786 perniciose
703 2745 930 2787 perstrepens
963 2741 1162 2774 universam
1187 2740 1350 2774 Romanis
1387 2739 1475 2774 obe-
