1806 3190
289 123 319 177 5
335 143 347 176 ι
365 123 399 178 8
687 142 906 183 ιοΑΝΝιε
959 141 1322 184 AMGNos'rAE

284 242 453 294 ἐξεῦρον
480 241 726 293 ἐλευθερίας
751 238 862 292 τινά,
892 238 1172 294 τετυχήκεσαν
1204 241 1354 296 ταύτης
1381 239 1440 284 ἔτι
1468 244 1526 300 τῷ
1550 245 1723 300 ποταμῷ

284 307 447 361 Γαλικῷ
474 307 546 347 τοῦ
575 302 808 355 Μουράτου
837 307 1179 359 ένὸιατρίβοντος.
1254 304 1368 357 ὅσοις
1396 309 1443 351 δὲ
1469 306 1617 364 τρόπος
1649 309 1724 350 ὑπ’

281 371 461 424 ἀπορίας
487 372 710 425 τηνικαῦτα
740 371 818 424 οὐχ
839 369 1027 425 εὕρηται,
1049 369 1222 421 τούτους
1238 374 1408 422 ἕκαστος
1438 375 1482 415 ἐν
1507 379 1597 422 ταῖς
1623 371 1722 415 ἑαυ-

280 440 359 478 τῶν
386 438 556 491 πατρίσι
587 435 658 477 καί
676 434 816 485 τόποις
836 438 1087 489 ἐξέπεμψαν,
1117 436 1193 486 τὰς
1211 439 1255 479 ἐκ
1282 440 1354 491 τῆς
1376 440 1567 487 δουλείας
1596 435 1723 493 ἀνάγ-

280 518 354 550 κας
385 502 720 557 ὑφισταμένους,
761 504 911 557 μέχρις
940 499 992 544 ἄν
1025 502 1385 557 ὖπονοστήσαντες
1414 503 1463 545 τὰ
1503 506 1625 561 σφῶν
1661 507 1758 548 ’τι-5

278 567 454 623 μήματα
494 570 752 609 ὁιαθῶνται·
822 568 873 609 οὔ
910 567 991 622 γὰρ
1034 568 1231 611 ἐδύναντο
1266 573 1340 611 καί
1384 568 1553 619 τούτους
1590 571 1722 614 ἕλκειν

277 632 445 687 μακράν
474 630 752 687 α’περχόμενοι
781 635 854 676 καί
879 632 983 688 πρὸς
1013 633 1194 687 πόλεμον
1222 638 1374 688 ἕτερον.
1431 631 1540 686 εἶδες
1567 633 1620 678 ἂν
1647 632 1722 679 οὖν

277 698 373 747 τοὺς
401 700 620 752 δυστυχεῖς
644 701 743 749 τούς
767 702 845 754 μὲν
873 699 944 741 ἐπὶ
969 699 1021 742 τὰ
1048 702 1119 754 τῆς
1148 697 1253 758 ἑῴας
1281 700 1378 749 τοὺς
1407 703 1444 742 δ”
1472 703 1544 744 ἐπὶ
1568 699 1619 743 τά
1650 703 1722 756 τῆς

277 762 456 816 ἑσπέρας
497 768 605 819 μέρη
645 767 973 821 διασπαρέντας·
1041 763 1184 818 οἱμὲν
1215 764 1296 821 γὰρ
1335 765 1435 816 τούς
1461 768 1651 816 τεκόντας
1681 765 1721 809 οἱ

278 832 324 870 δὲ
352 831 402 870 τὰ
433 831 551 872 τέκνα
579 831 653 872 καί
681 830 817 886 ἕτεροι
850 830 923 880 τὰς
960 836 1159 885 γυναῖκας
1199 830 1460 887 ἐλάμβανον,
1491 834 1563 874 καί
1587 831 1663 883 οὓς
1692 833 1784 888 ἧιο

279 896 406 951 φύσις
435 892 606 950 ἥνωσεν,
637 896 664 952 ἦ
693 896 894 953 συμφορὰ
926 898 1171 952 ὃιεμέρισεν.

387 959 456 1016 ιη’.
519 960 656 1019 Ταύτῃ
691 965 773 1004 τῶν
804 965 899 1004 καθ’
932 963 1057 1017 ἡμᾶς,
1099 962 1157 1012 ὥς
1179 962 1238 1018 μή
1270 958 1432 1019 ὤφελε,
1461 961 1720 1018 συμβεβηκό-

278 1043 360 1068 των
388 1028 461 1069 καί
486 1029 639 1070 τοιόνδε
668 1030 783 1084 παρὰ
810 1027 886 1078 τοὶς
914 1022 1050 1083 ὄχθας
1074 1031 1152 1070 τοῦ
1178 1030 1424 1084 Βαρδαρίου
1452 1031 1582 1084 πέρας
1610 1031 1719 1084 εἰλη-

282 1092 435 1148 φότων,
463 1095 484 1134 ὃ
504 1093 737 1149 Μουράτης
757 1097 917 1137 ἐκεῖθεν
940 1097 1039 1149 διχῇ
1067 1093 1144 1149 τὴν
1162 1093 1362 1149 στρατιὰν
1391 1094 1540 1137 διελών
1568 1093 1613 1137 τὸ
1642 1098 1720 1148 μὲν

201 1166 268 1199 360
283 1161 410 1214 αὐτῆς
442 1161 514 1201 ἐπὶ
542 1160 591 1202 τα
623 1163 703 1203 τῶν
730 1162 967 1203 Ἰωαννίνων
995 1162 1203 1214 ἐξέπεμψε
1230 1162 1351 1215 μέρη,
1380 1159 1507 1209 αὐτὸς
1538 1162 1584 1203 δὲ
1611 1158 1716 1214 μετὰ
1738 1165 1785 1206 15

280 1228 465 1279 θατέρου
498 1228 653 1280 μέρους
696 1228 759 1268 ἐπ’
801 1222 952 1275 ἄλλους
988 1225 1114 1283 οἷπῄει
1161 1227 1465 1279 καταστρέψων
1509 1221 1722 1276 κάκείνους

279 1290 352 1332 καί
389 1291 461 1332 ὐπ’
514 1292 627 1349 αὐτῷ
666 1291 953 1348 ποιησόμενος.
1030 1291 1234 1348 πρότερον
1277 1294 1323 1334 δὲ
1366 1291 1438 1334 διὰ
1481 1290 1617 1347 πάσης
1653 1294 1725 1347 τῆς

280 1358 348 1398 ὑπ’
381 1356 510 1400 αὐτὸν
537 1357 721 1413 κήρυκας
748 1357 1014 1415 ἐπεπόμφει,
1053 1357 1148 1407 τούς
1186 1357 1266 1413 πρὸ
1305 1360 1478 1414 μακρῶν
1515 1360 1615 1400 ἐτῶν
1653 1359 1726 1399 καί

279 1425 354 1464 τοῦ
386 1426 668 1478 συγκλεισμοῦ
705 1425 781 1479 τήν
819 1425 1123 1479 Θεσσαλονίκην
1160 1423 1436 1474 ἄπολιπόντας
1478 1423 1552 1466 καὶ
1583 1438 1723 1477 μετοι-

279 1490 488 1544 κήσαντας
517 1491 708 1544 α’λλαχοῦ
735 1489 839 1545 πρὸς
867 1490 996 1545 αὐτὴν
1014 1492 1063 1533 ἵν’
1092 1491 1338 1532 ἐπανελθεῖν
1366 1491 1504 1547 πολλῷ
1529 1491 1585 1546 τῷ
1605 1489 1722 1543 τάχει
1733 1506 1806 1535 20:

279 1553 626 1611 καταναγκάσωσι
665 1557 739 1598 καί
764 1556 815 1599 τὰ
855 1559 986 1599 οἰκεῖα
1016 1555 1141 1598 πάλιν
1171 1556 1227 1605 ὥς
1254 1554 1298 1598 τὸ
1329 1554 1532 1611 πρότερον
1563 1552 1724 1597 ἀπολά·
1803 1558 1806 1565 “

278 1624 398 1673 βωσι.
455 1621 607 1671 σκοπὸς
645 1622 724 1678 γάρ
763 1621 895 1664 αὐτόν
940 1622 1049 1663 πάνυ
1081 1638 1120 1664 τι
1161 1621 1284 1670 καλὸς
1323 1624 1396 1663 καί
1420 1623 1582 1663 πολλῶν
1610 1616 1723 1672 ἄξιος
1799 1611 1806 1685 ³«

280 1689 364 1729 τῶν
393 1688 574 1730 ἐπαίνων
591 1689 736 1746 εἰσῄει,
764 1687 837 1744 τὴν
856 1686 976 1731 πόλιν
1003 1687 1075 1730 καί
1091 1683 1220 1738 αὖθις
1242 1693 1328 1738 τοῖς
1354 1688 1590 1744 οἰκήτορσιν
1619 1687 1722 1729 ἀπο-

378 1779 429 1812 15.
457 1772 551 1812 κατὰ
576 1778 605 1810 A

282 1872 377 1909 sunt,
402 1879 478 1901 eam
503 1868 572 1902 sibi
597 1868 773 1908 habuere,
813 1880 891 1903 cum
921 1866 1037 1902 adhuc
1073 1870 1169 1914 apud
1203 1870 1365 1903 Galicum
1389 1869 1534 1902 fluvium
1562 1868 1719 1902 Mur-ates

282 1926 396 1948 moras
421 1922 564 1959 ageret:
591 1917 721 1961 quibus
758 1926 840 1950 vero
867 1916 912 1950 ob
947 1922 1141 1960 egestatem
1167 1922 1274 1961 atque
1296 1917 1453 1960 inopiam
1483 1927 1524 1948 ea
1553 1916 1621 1948 frui
1646 1927 1720 1949 non

283 1962 444 2006 contigit,
470 1973 530 1996 eos
559 1963 691 2007 singuli
727 1963 763 1995 in
789 1964 920 2008 patrias
957 1963 1059 1996 sedes
1093 1969 1129 1996 et
1167 1964 1244 1996 loca
1275 1962 1504 2003 dimiserunt,
1541 1963 1719 1996 servitutis

283 2009 511 2042 incommoda
536 2010 727 2051 subituros,
753 2009 868 2043 donec
890 2011 957 2055 ipsi
976 2010 1200 2055 postmodum
1228 2011 1358 2043 reversi
1385 2009 1428 2042 de
1455 2020 1577 2042 eornm
1602 2009 1719 2054 pretio

285 2055 555 2100 disposuissent.
616 2068 734 2101 neque
772 2058 866 2089 enim
901 2063 1066 2102 poterant
1091 2069 1209 2090 secum
1237 2068 1306 2090 una
1329 2056 1525 2090 convehere
1548 2067 1612 2101 per
1639 2057 1721 2089 lon-

287 2113 366 2146 gum
395 2104 474 2143 iter,
501 2109 537 2136 et
561 2102 606 2136 ad
631 2103 729 2136 aliud
765 2103 902 2136 bellum
937 2105 1210 2148 proficiscentes.
1269 2103 1418 2137 vidisses
1443 2103 1630 2144 infelices,
1654 2103 1719 2135 hos

286 2150 434 2194 quidem
463 2150 508 2183 ad
533 2157 659 2190 ortum,
688 2151 769 2183 illos
799 2150 843 2183 ad
867 2161 1045 2191 occasum,
1072 2151 1258 2184 distractos
1282 2151 1478 2195 asportari:
1503 2160 1658 2194 namque
1682 2148 1719 2181 hi

285 2202 473 2241 parentes,
509 2198 571 2230 alii
607 2198 721 2238 filios,
747 2198 806 2230 alii
840 2209 967 2230 uxores
1002 2198 1242 2243 accipiebant,
1279 2203 1315 2231 et
1341 2207 1430 2242 quos
1459 2204 1585 2229 natura
1610 2207 1719 2229 uuum

285 2243 423 2288 aliquid
451 2244 638 2288 insigniter
664 2245 806 2284 fecerat,
834 2244 1013 2278 calamitas
1038 2245 1234 2289 separabat.

386 2292 436 2324 18.
485 2291 562 2324 Hoc
585 2298 690 2336 pacto
717 2290 830 2337 (quod
853 2292 989 2324 utinam
1024 2302 1206 2336 nunquam
1233 2289 1423 2336 evenisset)
1460 2289 1564 2323 rebus
1589 2289 1719 2322 nostris

284 2336 584 2381 procedentibus,
621 2345 657 2372 et
687 2338 756 2371 hoc
788 2338 857 2370 fine
894 2338 990 2382 apud
1016 2338 1173 2371 Bardarii
1206 2338 1296 2382 ripas
1322 2337 1538 2376 terminatis,
1562 2336 1718 2369 Mun-ates

284 2384 381 2424 inde,
406 2384 492 2417 duas
520 2386 557 2418 in
582 2391 699 2430 partes
725 2384 836 2418 diviso
858 2385 1027 2425 exercitu,
1053 2397 1155 2417 unam
1182 2385 1227 2417 ad
1247 2385 1474 2417 lanuinorum
1498 2383 1585 2416 fines
1611 2383 1719 2416 dimi-

285 2431 340 2471 sit,
366 2431 514 2464 alteram
550 2433 626 2476 ipse
658 2444 774 2465 secum
813 2431 944 2464 ducens
981 2432 1025 2463 ad
1051 2433 1139 2465 alios
1175 2443 1212 2464 se
1235 2430 1462 2470 conferebat,
1486 2440 1546 2462 eos
1573 2440 1718 2474 quoque

285 2477 536 2523 absumpturus
563 2485 599 2512 et
623 2479 813 2523 potiturus.
861 2478 924 2511 sed
951 2485 1032 2511 ante
1062 2479 1179 2511 onmia
1201 2490 1265 2524 per
1291 2489 1429 2510 omnem
1456 2487 1540 2509 suae
1567 2476 1718 2510 dicionis

283 2525 421 2569 plagam
451 2536 643 2569 praecones
660 2526 782 2566 mittit,
810 2536 870 2560 eos
895 2526 1056 2570 quiante
1080 2526 1210 2558 multos
1235 2536 1357 2563 annos,
1382 2525 1532 2569 ipsoque
1558 2523 1718 2556 obsidio-

284 2572 338 2604 nis
362 2577 535 2616 tempore‚
559 2572 848 2605 Thessalonicam
885 2573 1114 2605 deseruerant
1148 2573 1297 2616 aliisque
1323 2572 1359 2604 in
1383 2570 1470 2604 locis
1495 2569 1596 2603 sedes
1619 2569 1718 2602 loca-

282 2624 407 2651 verant
434 2630 527 2660 suas,
556 2631 660 2664 quam
687 2620 870 2652 celerrime
894 2625 1040 2664 possent
1074 2619 1216 2652 domum
1242 2619 1401 2651 revenire
1425 2623 1630 2656 coacturos,
1654 2617 1717 2661 qui

283 2665 444 2709 proprias
469 2667 506 2699 in
530 2672 723 2710 posterum,
749 2672 788 2700 ut
814 2672 930 2706 antea,
953 2666 1187 2711 possiderent.
1237 2677 1317 2698 nam
1336 2669 1586 2710 proposuerat,
1610 2675 1713 2708 quam

284 2712 418 2757 optime
444 2717 480 2746 et
503 2714 615 2748 multa
635 2725 713 2747 cum
738 2713 855 2755 laude,
882 2725 1001 2747 rursus
1021 2713 1140 2746 urbem
1168 2711 1429 2747 habitatoribus
1455 2711 1652 2750 restituere,
1677 2714 1713 2743 et
