1806 3190
0 0 32 201 ἶ
563 181 661 223 un.
688 182 762 222 111.
800 180 916 228 CAP.
939 184 1010 222 v1.
1386 185 1491 240 277

59 291 140 324 σαν
165 276 246 318 τῶν
275 275 434 317 πόλεων
463 279 573 336 ζυγῷ
601 277 827 332 ὖποβαλεϊν
855 281 928 322 καί
953 282 1131 338 δουλείᾳ,
1163 283 1236 322 καί
1271 279 1346 330 τὰς
1376 282 1498 335 ἇγιάς

61 341 278 397 ἐκκλησίας
294 341 423 396 ἡμῶν,
451 341 553 385 ἔνθα
583 345 870 399 ἐπροσκυνεῖτο
892 347 916 400 ἦ
937 345 1034 400 ἁγία
1062 363 1183 401 τριας
1214 348 1287 389 καί
1310 348 1499 401 ἐδοξολο-

8 407 21 449 Ϊῖ
64 413 175 462 ’γεῖτο
202 407 247 450 τὸ
278 409 505 462 πανάγιον,
538 411 613 450 καί
655 408 759 451 ὅπου
788 409 826 452 οἱ
855 406 1019 465 ἄγγελοι
1059 410 1253 468 ἠκούοντο
1273 410 1418 466 ὖμνεῖν
1449 413 1535 455 τὸΒ

58 476 178 514 θεῖον
210 475 282 515 καί
306 472 382 527 τήν
409 472 607 529 ἔνσαρκον
633 477 710 517 τοῦ
737 478 842 517 θεοῦ
875 477 997 531 λόγου
1028 480 1274 535 οἰκονομίαν2
1300 479 1500 533 βούλεται

10 535 232 615 ζξποιῆσαι
268 541 538 595 προσκύνημα
569 544 646 595 τῆς,
668 540 797 583 αὑτοῦ
836 546 1109 599 βλασφημίας
1134 545 1207 587 καὶ
1234 547 1311 588 τοῦ
1341 550 1500 602 φληνα-

61 606 148 660 φοῦ
177 604 312 646 αὑτοῦ
338 606 691 661 ψευδοπροφήτου
718 607 933 662 Μωάμεθ,
965 612 1039 651 καί
1061 610 1372 666 κατοικητήριον
1402 610 1502 652 α’λό-

58 685 143 724 γων
168 671 242 711 καί
267 669 482 726 καμήλων.
538 670 707 726 λοιπόν,
737 673 917 730 α’δελφοί
943 676 1016 717 καί
1039 679 1363 730 συστρατιῶται,
1393 676 1499 720 κατὰ

58 736 156 777 νοῦν
187 734 454 792 ἐνθυμήθητε
482 740 551 779 ἵνα
582 736 626 779 τὸ
653 738 918 793 μνημόσυνον
949 741 1066 793 ὑμῶν
1091 743 1164 783 καί
1189 742 1213 798 ἦ
1244 742 1388 798 μνήμη
1429 746 1503 785 καί

14 803 20 815 ”
58 799 86 855 ἧ
115 800 236 856 φήμη
263 803 337 844 καί
362 801 389 856 ἦ
416 804 636 857 ἐλευθερία
665 805 842 854 αἰωνίως
867 805 1130 861 γενήσηται.”

165 868 260 909 Καὶ
289 869 495 924 στραφεὶς
538 868 644 922 πρὸς
671 868 767 919 τούς
800 870 986 920 Ἑνετούς
1015 874 1059 914 ἐν
1084 878 1170 921 τοῖς
1201 875 1350 925 δεξιοῖς
1376 876 1501 929 μέρε-

54 947 122 975 σιν
147 931 391 985 ἱσταμένους
421 933 503 990 ἔφη
526 932 715 977 ““Ενετοι“
741 936 933 990 εὕγενεῖς,
964 939 1145 994 α’δελφοί
1171 939 1425 995 ἠγαπημένοι
1455 941 1501 983 ἐν

54 999 229 1056 Χριστῷ
253 1001 312 1056 τῷ
338 1002 436 1057 θεῷ,
469 997 619 1055 ἄνδρες
649 1003 823 1056 ἰσχυροί
848 1005 922 1044 καί
945 1006 1201 1059 στρατιῶται
1232 1005 1404 1047 δυνατοί
1429 1008 1503 1047 καί

51 1065 97 1105 ἓν
122 1067 318 1116 πολέμοις
357 1064 656 1119 δοκιμώτατοι,
695 1068 737 1109 οἳ
782 1068 852 1110 διά
895 1072 980 1110 τῶν
1022 1070 1335 1123 ἕστιλβωμένων
1379 1068 1502 1124 ὑμῶν

55 1127 281 1184 ῥομφαίιον
312 1133 384 1173 καί
409 1130 584 1186 χάριτος
613 1133 810 1183 πολλάκις
836 1138 995 1190 πλῆθος
1022 1138 1105 1178 ταῖν
1131 1137 1371 1191 Ἀγαρηνῶν
1399 1138 1502 1179 ἐθα-

14 1248 22 1253 „
55 1195 295 1249 νατιόσατε,
338 1197 412 1239 καί
435 1197 480 1240 τὸ
523 1194 628 1251 αἷμα
668 1201 809 1241 αὐτῶν
849 1203 1113 1253 ποταμειδῶς
1152 1203 1198 1243 ἐκ
1236 1205 1319 1244 τῶν
1343 1205 1501 1257 χειριὸν

51 1258 171 1314 ὑμῶν
212 1260 409 1317 ἔρρευσε,
443 1267 492 1320 τῇ
538 1261 717 1318 σήμερον
755 1268 985 1320 παρακαλῶ
1026 1267 1138 1319 ὑμᾶς
1166 1270 1234 1309 ἵνα
1276 1266 1352 1322 τὴν
1379 1267 1501 1310 πόλιν

50 1327 208 1382 ταύτην
233 1327 310 1383 τήν
337 1326 633 1384 εὖρισκομένην
662 1332 733 1372 ἐπί
759 1331 941 1388 τοσαύτῃ
982 1336 1185 1390 συμφορᾷ
1215 1334 1288 1375 τοῦ
1316 1336 1499 1385 πολέμου

51 1394 274 1448 ὅλοψὺχως
300 1396 374 1436 καί
398 1397 443 1436 ἐκ
470 1399 601 1447 μέσου
630 1400 775 1451 ψυχῆς
803 1400 947 1452 γένη-τε
975 1398 1298 1451 ὖπερασπισταί.
1357 1397 1498 1440 οἴδατε

50 1461 132 1516 γὰρ
163 1462 311 1511 καλῶς,
335 1461 407 1501 καί
434 1463 632 1514 δευτέραν
660 1464 843 1518 πατρίδα
863 1465 936 1503 καί
963 1465 1122 1518 μητέρα
1150 1462 1284 1519 αὐτήν
1313 1460 1501 1512 ἆεννάως

22 1527 31 1537 ”
53 1526 212 1581 εἴχετε·
283 1526 348 1567 διὸ
379 1529 451 1568 καί
479 1529 524 1569 ἐκ
554 1529 753 1582 δευτέρου
782 1527 909 1570 πάλιν
936 1530 1040 1583 λέγω
1071 1531 1143 1571 καί
1168 1530 1399 1584 παρακαλῶ
1430 1530 1498 1570 ἵνα

54 1594 100 1636 ἐν
127 1593 238 1650 αυ’τῇ
265 1590 354 1650 ὥρᾳ
397 1591 453 1642 ὥς
498 1592 743 1649 φιλόπιστοί
767 1610 810 1636 τε
841 1597 912 1636 καί
951 1593 1168 1647 ὄμόπιστοι
1206 1597 1280 1636 καί
1319 1595 1502 1650 α’δελφοί

54 1657 288 1715 ποιήσητε.”
356 1658 446 1703 εἶτα
491 1663 694 1716 στραφείς
737 1662 781 1703 ἐν
817 1667 902 1711 τοῖς
933 1663 1163 1716 ἀριστεροῖς
1212 1664 1361 1715 μέρεσι
1388 1664 1500 1713 λέγει

52 1730 136 1775 τοῖς
154 1727 434 1779 Λιγουρίταις
453 1721 519 1767 “ai
542 1730 806 1783 Λιγουρῖται,
836 1724 1094 1780 ἐντιμότατοι
1119 1727 1314 1783 α’δελφοί,
1348 1722 1498 1781 ἄνδρες

145 1854 180 1887 9.
210 1842 363 1881 αἰώνιος
386 1842 411 1875 Ρ
531 1843 582 1876 ι5.
611 1839 829 1891 ποταμηδὸν
855 1843 999 1877 Alterus

53 1952 203 1982 conatur
218 1952 253 1981 et
269 1950 423 1993 reginam
448 1949 588 1983 urbium
612 1949 799 1994 subiugare
821 1951 859 1983 in
883 1949 1161 1995 servitutemque
1185 1949 1363 1993 redigere,
1388 1952 1497 1992 atque

54 1999 192 2028 sanctas
208 1995 372 2029 ecclesias
388 2002 538 2038 nostras,
564 1996 626 2030 ubi
650 2003 770 2030 sancta
788 1997 928 2030 trinitas
949 1996 1163 2030 adorabatur
1177 2001 1214 2030 et
1236 1996 1497 2029 sanctissimum

53 2041 302 2076 celebrabatur
330 2054 460 2076 numen
477 2069 486 2083 ‚
526 2043 588 2076 ubi
612 2045 727 2088 angeli
755 2044 910 2078 divinam
935 2049 1092 2077 mentem
1121 2049 1156 2077 et
1179 2043 1217 2076 in
1243 2053 1347 2076 carne
1377 2052 1498 2074 susce-

51 2094 150 2134 ptam
175 2088 234 2122 dei
259 2089 358 2122 verbi
386 2091 629 2123 oeconomiam
657 2097 824 2124 canentes
842 2090 1091 2130 audiebantur,
1116 2091 1154 2122 in
1180 2090 1301 2122 fanum
1327 2087 1498 2133 blasphe-

53 2135 146 2169 miae
169 2146 252 2169 suae
281 2142 317 2170 et
335 2138 465 2181 garruli
492 2138 689 2183 prophetae
707 2137 919 2171 Mobametis
942 2143 979 2171 et
999 2137 1183 2170 brutorum
1208 2135 1497 2180 camelorumque

54 2181 299 2216 habitaculum
325 2190 532 2218 convertere
559 2186 701 2229 cogitat.
727 2195 858 2224 verum,
883 2185 1009 2218 fratres
1035 2190 1072 2218 et
1099 2185 1368 2222 commilitones,
1398 2182 1497 2225 cogi-

56 2234 129 2263 tate
155 2241 233 2262 cum
257 2230 384 2263 animis
408 2232 545 2271 vestris,
571 2244 643 2277 quo
676 2237 781 2276 pacto
806 2232 1015 2265 memoriam
1039 2232 1151 2265 nostri
1178 2237 1214 2264 et
1239 2231 1365 2263 famam
1391 2234 1428 2261 et
1449 2229 1496 2261 li-

54 2275 228 2310 ben-tatem
262 2282 470 2322 perpetuam
501 2277 804 2324 consequamini.”

167 2323 259 2356 Tum
287 2323 332 2356 ad
358 2325 514 2358 Venetos
539 2337 746 2365 conversus,
783 2326 844 2371 qui
870 2337 890 2358 a
915 2325 1050 2359 dextris
1076 2323 1274 2362 adstabant,
1294 2319 1496 2362 “Veneti‚’'

54 2370 186 2415 inquit,
209 2369 413 2411 “illustr-es,
437 2371 561 2406 fratres
587 2373 624 2404 in
650 2372 791 2406 Christo
817 2372 885 2405 deo
914 2372 1049 2411 dilecti,
1073 2370 1138 2403 viri
1166 2370 1275 2402 fortes
1303 2374 1341 2402 et
1364 2370 1497 2402 milites

53 2417 190 2450 strenui
215 2423 252 2450 et
276 2417 375 2451 bello
401 2418 653 2462 probatissimi,
681 2419 743 2464 (μιί
768 2418 895 2464 gladiis
920 2419 1046 2452 vestris
1073 2415 1287 2450 micantibus
1315 2421 1351 2449 et
1376 2415 1498 2449 divina

54 2464 166 2507 gratia
194 2475 300 2508 saepe
339 2476 482 2509 magnas
504 2466 744 2510 Agarenorum
780 2471 910 2509 strages
948 2465 1134 2503 edidistis,
1171 2474 1323 2507 quorum
1355 2462 1498 2506 sanguis

53 2509 208 2543 fluminis
250 2511 362 2544 instar
402 2511 446 2544 de
487 2511 651 2546 manibus
684 2513 808 2546 vestris
835 2512 994 2551 defluxit,
1035 2510 1144 2543 hodie
1173 2521 1235 2542 vos
1263 2509 1432 2550 obsecro,
1458 2514 1499 2542 ut

54 2556 177 2590 urbem
206 2556 308 2598 hanc,
335 2559 373 2591 in
398 2564 496 2592 tanta
519 2559 608 2593 belli
634 2559 834 2593 calamitate
858 2564 1070 2597 versantem,
1097 2568 1140 2589 ex
1162 2556 1278 2588 animo
1309 2561 1345 2589 et
1367 2556 1497 2590 intimo

54 2608 199 2647 pectore
225 2604 441 2638 defendatis.
468 2606 564 2639 scitis
590 2607 685 2639 enim
710 2607 790 2652 ipsi,
815 2605 907 2639 hanc
929 2617 991 2638 vos
1017 2605 1161 2637 alteram
1181 2602 1332 2647 patriam
1361 2609 1396 2636 et
1422 2614 1498 2635 ma-

54 2654 145 2683 trem
169 2661 309 2696 semper
341 2651 525 2686 habuisse:
565 2664 675 2698 quare
709 2653 836 2686 iterum
861 2664 924 2685 vos
954 2651 1101 2684 obsecro
1118 2675 1126 2688 ,
1153 2655 1192 2682 ut
1216 2650 1250 2682 in
1278 2650 1356 2695 ipso
1383 2661 1496 2683 rerum

55 2695 260 2730 discrimine
287 2699 418 2732 amicos
444 2704 480 2732 et
508 2699 590 2733 fidei
617 2700 730 2733 socios
758 2706 794 2733 et
818 2701 942 2733 fratres
968 2709 1028 2731 vos
1051 2693 1271 2743 praestetis.”
1298 2695 1428 2730 deinde
1453 2695 1498 2729 ad

55 2743 231 2777 sinistram
262 2756 405 2786 versus,
433 2746 577 2790 Ligures
603 2747 651 2780 ita
686 2747 866 2780 allocutus
892 2751 944 2779 est
967 2743 987 2756 “
1000 2744 1159 2789 Ligures,
1183 2744 1311 2789 ‚fratres
1339 2742 1499 2777 honora-
