1806 3190
291 118 370 172 -31
389 138 418 172 2
729 132 963 174 Gssonou
1000 131 1317 174 minAN'rzAE

306 236 510 288 λε’σαμεν·
575 231 646 274 καί
684 232 806 273 αὐτοί
846 231 956 284 τάχα
1002 229 1059 279 αἷς
1095 232 1223 284 δῆθεν
1259 230 1478 285 ὀρθόδοξοι
1505 230 1606 281 ἴσως
1633 225 1746 282 ὅντες

306 301 429 342 α’ὔτοί
453 297 613 342 ἑαυτῶν
644 297 718 353 τήν
754 297 970 350 βασιλείαν
1009 298 1263 350 κρατοῦσιν,
1303 297 1380 338 οὐκ
1420 296 1573 347 εἰδότες
1601 294 1665 340 ὅτι
1694 299 1747 340 ου’

304 365 454 414 πάντες
497 363 536 406 οἱ
563 364 809 419 κρατοῦντες
847 363 1009 411 πάντως
1039 361 1277 416 ὀρθὸδοξοι,
1307 363 1395 403 οὐδ’
1425 358 1551 411 αὖθις
1576 360 1616 404 οἱ
1645 379 1746 417 κρα-

303 432 494 484 τούμενοι
540 428 763 483 αἱρετικοί,
790 426 845 476 ὥς
876 426 987 470 ἔστιν
1014 429 1119 470 ἰδεῖν
1149 429 1216 483 ἐφ’
1243 428 1361 482 ἡμῖν·
1418 426 1475 483 μή
1507 426 1586 482 γάρ
1617 426 1747 483 ὀρθό-

248 513 291 546 70
307 497 425 548 ὸοξοί
445 498 550 537 εἰσιν
579 494 616 536 οἱ
642 495 915 549 Ἰσμαηλῖται,
946 489 1008 536 ὅτι
1038 496 1261 550 κρατοῦσιν
1292 494 1420 548 ἡμῶν,
1450 497 1519 536 καί
1545 493 1624 548 πρὸ
1652 494 1783 539 τού-5

301 579 383 605 των
412 560 451 602 οἱ
493 558 796 614 εἰδωλολάτραι
833 560 875 602 οἳ
897 559 992 609 τούς
1019 559 1303 613 Χριστιανούς
1335 561 1526 612 ἐδίωκον,
1568 556 1593 613 ἢ
1621 558 1746 602 πάλιν

302 627 342 669 οἳ
372 625 597 681 Αἰγύπτιοι
629 623 657 680 ἢ
675 625 942 679 Βαβυλώνιοι
963 628 1005 667 οῖ’
1020 641 1115 667 ποτε
1135 624 1453 677 ἐξουσιάσαντες
1480 627 1563 667 τῶν
1579 626 1747 680 Ἰσμαη-

300 695 438 735 λιτῶν.
517 693 604 733 ἀλλ’
648 693 722 733 οὐκ
758 691 905 746 ἔχουσι
944 696 986 734 τί
1016 694 1171 733 εἰπεῖν·
1241 693 1365 745 δῆλον
1396 690 1476 745 γάρ
1506 688 1573 733 ὅτι
1601 689 1640 733 οἱ
1666 693 1745 744 μὲν

299 756 596 814 κυριεύσαντες
622 758 799 812 ἀσεβεῖς,
831 757 868 799 οἱ
895 760 941 800 δὲ
967 756 1255 811 κυριευόμενοι
1272 758 1471 810 εὐσεβεῖς.
1525 755 1597 798 διὰ
1623 759 1743 799 τοῦτο

301 826 355 865 ου’
391 827 460 866 δεῖ
493 823 646 873 αὐτούς
692 825 918 877 κομπάζειν
959 826 1058 877 περὶ
1083 826 1154 877 τῆς
1184 824 1520 878 αότοκρατορίας.
1577 824 1649 864 καί
1675 820 1806 868 ἐπὶιο

300 890 465 939 τούτοις
505 891 762 944 ἅντεροῦμεν
793 890 959 943 αὐτοῖς,
1001 892 1087 938 πῶς
1131 887 1169 930 οἱ
1216 887 1320 930 κατά
1361 887 1433 942 την
1462 890 1640 931 Μυσίαν
1673 887 1746 930 καί

296 956 502 998 Ῥωσσίαν
529 956 599 997 καί
630 956 809 1010 Ἰβηρίαν
839 955 915 1010 την
952 953 1060 1012 ἑῴαν
1087 957 1157 995 καί
1179 954 1409 1007 Ἀβασγίαν
1441 955 1647 1003 οἰκοῦντες
1675 952 1748 995 καί

301 1024 346 1064 ἐν
373 1026 531 1070 λοιποῖς
567 1021 710 1070 τόποις
751 1018 931 1076 ἄρχουσι
961 1023 1033 1062 καί
1071 1016 1274 1074 ἄρχονται
1307 1021 1381 1075 ἀφ’
1410 1017 1583 1072 ἑαυτῶν,
1611 1020 1746 1063 καίτοι

300 1104 347 1142 γε
375 1094 461 1138 τοῖς
488 1087 702 1142 ἡμετέροις
730 1088 935 1141 δόγμασιν
972 1088 1275 1137 α’κολουθοῦσις
1315 1088 1387 1128 καί
1414 1082 1549 1135 ἄλλως
1576 1085 1620 1128 τὰ
1651 1089 1744 1139 σχί-

302 1171 391 1207 σμα
422 1155 506 1195 ταῖν
531 1152 756 1207 ἐκκλησιῶν
785 1154 974 1206 ἐποίησεν
1015 1151 1036 1193 ὅ
1066 1151 1202 1200 πάντας
1230 1155 1439 1207 Στέφανος
1469 1151 1490 1193 ὖ
1518 1151 1743 1207 Συρφριόν,
1762 1151 1806 1198 [Ξ

303 1218 350 1267 ὃς
382 1219 454 1260 καί
481 1220 641 1272 πρῶτος
681 1225 768 1267 τοῖς
790 1215 962 1267 Ἰταλοῖς
997 1217 1103 1271 μετὰ
1147 1215 1318 1270 ἀζύμων
1346 1219 1585 1273 παρέδωκεν
1611 1220 1746 1259 ἐπιτε-

302 1289 390 1326 λεῖν
420 1283 493 1339 τὴν
533 1284 653 1338 ἁγίαν
679 1282 941 1339 ἱερουργίαν,
985 1284 1057 1325 καί
1093 1283 1169 1338 τήν
1209 1285 1451 1339 προσθήκην
1489 1282 1566 1338 τὴν
1608 1284 1668 1332 εἰς
1696 1281 1743 1324 τὸ

303 1350 513 1403 σύμβολον
561 1348 607 1392 τὸ
654 1346 773 1404 ἅγιον
814 1351 1005 1405 φανεραῖς
1043 1351 1245 1404 ἐκήρυξε,
1278 1350 1350 1390 καί
1387 1348 1463 1398 τὰς
1495 1350 1645 1403 τρίχας
1670 1348 1747 1391 τοῦ

303 1415 497 1469 πώγωνος
530 1417 696 1470 πρῶτος
727 1417 949 1470 α’πέθριξε,
986 1418 1059 1456 καί
1086 1423 1171 1464 τοῖς
1205 1415 1275 1456 ὑπ’
1302 1414 1430 1457 αὐτὸν
1459 1417 1588 1457 πᾶσιν
1617 1411 1748 1464 οὕτως

303 1483 503 1533 ἐξέδωκε,
544 1481 838 1534 βασιλεύοντος
878 1483 956 1535 μὲν
985 1484 1055 1536 τῆς
1091 1484 1188 1531 νέας
1211 1480 1374 1536 Ῥώμης
1403 1482 1462 1539 τῷ
1488 1482 1582 1524 τότε
1614 1482 1746 1539 καιρῷ
1760 1494 1806 1522 αα

300 1549 375 1589 τοῦ
404 1548 654 1602 αἐιμνὴστου
687 1550 892 1601 βασιλέως
929 1549 1247 1590 Κωνσταντίνου
1277 1550 1352 1590 τοῦ
1374 1547 1634 1602 μονομάχου,
1667 1566 1746 1590 πα-

301 1612 622 1668 τριαρχεύοντος
652 1616 697 1656 δὲ
731 1612 913 1668 Πῑῖιχαηλ
943 1613 986 1663 ὃς
1012 1617 1062 1671 τῇ
1091 1615 1306 1671 ἐπωνυμία
1335 1616 1493 1668 ἐλέγετο
1521 1616 1748 1669 Κηρουλά-

304 1694 409 1734 ριος.
470 1674 592 1728 οὗτος
620 1675 695 1720 οὖν
723 1678 744 1721 ὃ
773 1679 1035 1735 πατριάρχης
1062 1679 1202 1736 γνώμῃ
1230 1682 1304 1722 τοῦ
1330 1681 1534 1734 βασιλέως
1563 1683 1636 1723 καί
1666 1682 1748 1722 τῶν

404 1828 458 1851 12.
485 1817 676 1865 α’σβαγίαν
703 1818 740 1851 Μ
867 1821 918 1854 ι5.
951 1814 1112 1866 συρφών
1138 1819 1163 1852 Ρ

307 1945 466 1980 amisisse
489 1959 554 1980 nos
578 1948 767 1993 imperium
791 1952 940 1993 propter
965 1948 1147 1981 doctrinae
1175 1948 1405 1993 pravitatem:
1432 1948 1534 1992 quasi
1558 1959 1640 1982 vero
1666 1949 1746 1994 ipsi,

306 1994 405 2040 quod
428 1994 619 2027 orthodoxi
646 1995 729 2035 sint,
757 2000 926 2028 tueantur
948 1996 1136 2040 imperium
1159 2007 1271 2035 suum,
1290 1995 1400 2038 ignari
1425 1995 1492 2036 illi,
1514 2006 1588 2028 non
1612 2006 1745 2036 omnes,

306 2042 370 2086 qui
397 2041 586 2086 imperant,
613 2041 843 2082 orthodoxos,
869 2053 936 2076 nec
959 2043 1020 2087 qui
1044 2042 1229 2083 obediunt,
1255 2041 1452 2075 haereticos
1477 2053 1566 2083 esse,
1591 2041 1628 2075 id
1647 2043 1746 2088 quod

304 2089 344 2121 in
368 2088 471 2121 nobis
495 2087 729 2121 animadverti
757 2089 854 2122 lieet.
905 2100 949 2121 an
969 2088 1161 2123 orthodoxi
1187 2095 1270 2122 sunt
1295 2089 1506 2129 1smaelitae,
1533 2089 1617 2134 quia
1641 2089 1745 2123 nobis

305 2136 506 2180 imperant,
532 2140 595 2168 aut
629 2135 766 2179 priores
800 2136 872 2169 illis
900 2135 1133 2177 idololatrae,
1173 2138 1235 2181 qui
1268 2135 1477 2180 premebant
1501 2135 1747 2176 Christianos,

307 2187 370 2214 aut
396 2182 559 2226 Aegyptii
582 2181 639 2214 vel
665 2182 853 2224 Babylonii
879 2183 1066 2216 Ismaelitis
1092 2184 1177 2216 olim
1204 2183 1438 2227 imper-intes?
1465 2183 1643 2216 enimvero
1671 2195 1744 2217 non

305 2227 462 2269 habent,
498 2228 584 2274 quid
616 2229 866 2273 respondeant.
929 2230 967 2262 in
997 2236 1118 2276 aperto
1154 2231 1248 2262 enim
1274 2235 1336 2269 est,
1362 2241 1433 2269 eos»,
1460 2231 1521 2274 qui
1551 2231 1744 2274 imperant,

305 2275 453 2319 impios,
480 2275 610 2320 quibus
642 2281 759 2308 autem
795 2277 1014 2320 imperatur,
1039 2279 1118 2322 pios
1159 2288 1245 2309 esse.
1297 2287 1408 2320 quare
1435 2287 1506 2309 non
1532 2276 1636 2310 decet
1661 2277 1743 2310 illos

303 2322 436 2355 iactare
462 2322 650 2367 imperium
674 2334 784 2355 suum.
835 2329 1016 2368 praeterea
1044 2330 1166 2357 contra
1193 2323 1336 2357 eosdem
1362 2323 1532 2363 dicamus,
1560 2323 1742 2368 quomodo

305 2370 366 2413 qui
391 2370 540 2412 Mysiam
556 2395 565 2410 ‚
596 2370 751 2402 Rossiam
767 2396 776 2409 ‚
803 2369 954 2403 Iberiam
980 2371 1190 2404 orientalem
1224 2376 1259 2404 et
1285 2370 1469 2413 Abasgiam
1508 2369 1682 2411 habitant,
1707 2375 1743 2405 et

304 2416 384 2448 aliis
409 2417 446 2449 in
473 2416 676 2460 regionibus
717 2422 884 2461 regnent,
909 2423 945 2450 et
973 2418 1026 2449 sui
1052 2418 1137 2451 iuris
1163 2418 1244 2458 sint,
1272 2416 1563 2462 quandoquidem
1586 2422 1743 2450 nostram

304 2468 432 2495 sectam
459 2463 683 2508 sequuntur?
711 2469 747 2497 at
779 2464 872 2496 enim
905 2465 1132 2497 ecclesiarum
1173 2464 1430 2497 dissensionem
1454 2470 1588 2498 temere
1630 2465 1744 2497 movit

304 2508 508 2552 Stephanus
537 2510 692 2555 Syrphro
727 2522 840 2556 papa,
876 2511 938 2555 qui
964 2512 1097 2556 primus
1132 2522 1222 2556 pane
1247 2523 1317 2544 non
1345 2511 1555 2544 fermentato
1581 2516 1741 2544 sanctum

303 2556 512 2589 sacrificium
538 2558 659 2601 peragi
685 2559 777 2599 sivit,
809 2563 845 2590 et
868 2557 1146 2591 additamentum
1164 2557 1255 2590 illud
1279 2558 1323 2590 ad
1351 2564 1509 2592 sanctum
1544 2557 1743 2601 symbolum

301 2602 418 2646 palam
442 2603 684 2648 proclamavit,
711 2616 751 2637 ac
776 2606 909 2649 primus
928 2604 1074 2638 barbam
1095 2604 1262 2644 totondit,
1288 2605 1454 2650 idemque
1478 2604 1644 2639 omnibus
1673 2604 1742 2637 sihi

303 2647 473 2682 subiectis
512 2651 628 2684 facere
670 2652 850 2696 permisit,
889 2657 1057 2696 regnante
1083 2657 1157 2684 tum
1183 2651 1287 2696 cpoli
1315 2657 1489 2696 perpetuo
1515 2650 1740 2684 memorabili

301 2695 513 2740 imperatore
537 2697 773 2732 Constantino
800 2697 1047 2741 monomacho,
1071 2698 1352 2744 patriarchatum
1376 2698 1646 2732 administrante
1671 2697 1742 2731 Mi·-
