1806 3190
320 174 337 208 ι
353 154 420 208 52
729 168 954 209 Gnoson
994 164 1312 207 PnaANTzAE

309 287 412 324 τροις
439 269 703 323 συμβάντων,
750 265 822 307 καί
854 264 913 319 μὴ
939 263 1162 317 δυνάμενοι
1202 261 1262 313 εἷς
1291 266 1366 304 τοῦ
1389 261 1532 320 ἑτέρου
1561 267 1612 310 τὰ
1641 266 1744 324 κρῦ-

309 353 387 392 qna
444 335 652 389 γνωρίσαι.
737 329 869 372 ἔοικεν
906 330 984 387 γὰρ
1033 327 1090 380 ὡ’ς
1133 345 1238 380 τινες
1281 332 1498 386 κερδαλέοι
1545 334 1744 390 ἐποίησαν

307 403 520 455 ἐμπορίας.
579 397 601 438 ὅ
642 400 719 449 μὲν
767 396 939 452 φορτίον
964 393 1075 450 εἶχεν
1112 392 1207 437 thu*
1252 398 1425 451 σηρικῆς
1465 395 1642 454 μετάξης
1667 398 1744 450 τὰς

305 468 380 521 τῆς
410 462 622 519 θαλάσσης
647 462 830 517 βρύνας,
867 461 890 502 ὅ
939 462 986 503 δὲ
1019 457 1115 503 οἷντί
1149 462 1357 516 πεπέρεως
1389 465 1559 516 σχοίνου
1588 463 1744 519 σπόρον

306 532 449 586 ξηρόν·
508 527 579 570 καί
603 529 983 582 συναπαντηθέντες
1022 525 1131 579 ὄμοῧ
1158 527 1436 569 ἐπυνθάνοντο
1464 525 1657 584 ἀλλήλων
1676 529 1780 572 “11'5

301 595 345 638 τὸ
381 596 551 651 φορτίον
563 594 601 646 ;”
629 591 651 634 ὅ
678 595 755 646 μὲν
778 592 985 645 “perfia''
1012 591 1094 647 ἔφη
1115 591 1140 606 “
1152 593 1243 634 ἐστι’
1268 592 1313 633 τὸ
1342 591 1441 645 ἐμόν
1454 593 1493 647 ,”
1521 594 1543 636 ὃ
1572 596 1619 637 δὲ
1639 594 1742 638 “ub-

303 660 440 713 περι,”
483 658 556 700 καί
595 661 765 707 ἕκαστος
806 658 945 700 αὐτῶν
991 655 1156 710 ἐνόμιζε
1197 656 1344 711 μήπως
1371 657 1445 700 τὸν
1473 662 1614 714 ἓτερον
1641 677 1743 704 συν-

302 725 441 782 παίξῃ.
493 726 565 765 καί
607 721 737 772 οὕτως
765 725 824 772 εἰς
851 722 1063 778 συνθήκην
1103 717 1231 777 ἦλθον
1258 724 1326 764 ἵνα
1357 724 1666 775 ἀπαλλάξωσιν
1691 718 1741 768 τοι

303 790 480 846 φορτία,
513 791 586 831 καί
618 788 675 844 μὴ
704 787 915 842 γινώσκων
959 787 979 830 ὃ
1008 785 1066 836 εἷς
1097 786 1149 829 τά
1182 791 1256 829 τοῦ
1285 786 1429 844 ἑτέρου
1458 787 1607 844 ἔλαβον
1633 806 1741 847 φορ-

300 858 390 909 τία,
433 855 504 897 καί
541 856 779 903 σπουδαίως
821 852 1040 910 ἐπορεύετο
1079 855 1250 903 ἕκαστος
1278 854 1346 895 ἵνα
1375 853 1520 910 πόρρω
1549 854 1806 914 μακρύνῃια

301 921 382 963 ἀπὸ
415 923 490 963 τοῦ
515 916 670 972 ἄλλου,
698 918 753 974 μή
782 936 869 968 πως
896 919 919 973 ἢ
951 917 1120 973 μηχανὴ
1158 923 1447 974 φανερωθειή·
1503 923 1577 962 καί
1604 938 1742 976 παρα·

303 985 510 1042 γενόμενοι
540 985 561 1027 ὃ
589 982 648 1034 εἷς
677 984 796 1026 ἔνθεν
824 984 898 1026 καί
925 983 947 1025 ὅ
977 986 1113 1036 ἕτερος
1133 982 1292 1025 ἐκεῖθεν
1319 987 1455 1042 πολλῷ
1485 987 1741 1042 διαστήματι

301 1056 374 1105 τῆς
402 1051 503 1093 ὃὸοὕ
528 1054 600 1092 καί
640 1051 874 1100 ἀνοίξαντες
914 1051 994 1102 οιῖχ
1022 1043 1146 1103 εὗρον
1177 1050 1308 1090 οὐδέν.
1365 1048 1495 1100 οὕτως
1527 1052 1742 1104 ἐπάθομεν

303 1121 464 1172 χήμεῖς.
535 1115 678 1158 λοιπὸν
718 1116 740 1157 ὁ
780 1116 1080 1170 μητροπολίτης
1121 1115 1274 1155 δέδωκε
1305 1122 1391 1164 τοῖς
1418 1118 1742 1170 ἀπεσταλμένοις

308 1184 507 1237 Τούρκοις
551 1181 665 1236 παρα
711 1184 786 1222 τοῦ
821 1181 964 1235 οἷμηρᾶ
1009 1182 1081 1221 καί
1124 1182 1197 1222 τοῦ
1236 1183 1484 1236 Τουραχάνη
1526 1189 1612 1232 τοῖς
1649 1183 1806 1236 μετίΞ

303 1250 405 1301 ἐμοῦ
436 1244 530 1289 οὖσι
558 1245 786 1302 γράμματα
817 1245 920 1300 πρὸς
948 1245 1045 1295 τους
1088 1243 1248 1288 ἑαυτῶν
1277 1247 1487 1296 αὐθέντας
1516 1248 1612 1298 τούς
1639 1250 1743 1291 dno-

304 1316 543 1361 οτείλαντας
589 1310 929 1364 αὔτούς,”κοῖμοι“
970 1312 1016 1352 δὲ
1059 1311 1189 1359 πολύς
1228 1312 1381 1366 συνέβη
1418 1312 1643 1369 λογισμός,
1680 1314 1740 1371 μή

303 1393 402 1421 ποτε
429 1377 667 1432 ὑπόσχηται
694 1379 841 1418 δοῦναι
875 1371 1003 1419 ἄστεά
1027 1393 1118 1419 τινα
1156 1380 1229 1432 τῆς
1258 1376 1463 1433 Πάτρας,
1503 1379 1618 1436 εἴπερ
1662 1381 1743 1423 αὖ·

304 1447 363 1500 τῷ
415 1441 604 1499 βοηθήσῃ
640 1446 898 1497 παραλαβεῖν
940 1443 1097 1496 αὐτήν,
1149 1438 1177 1497 ἢ
1220 1438 1378 1497 πλῆθός
1418 1460 1459 1485 τι
1496 1447 1740 1501 χρημάτων.

304 1511 378 1550 καί
424 1507 482 1562 μὴ
523 1506 756 1560 παυόμενος
785 1509 844 1564 τῷ
881 1510 1064 1565 λογισμῷ
1091 1511 1167 1556 ἕως
1211 1504 1264 1548 οὗ
1291 1509 1415 1561 μάθω
1442 1509 1485 1552 τὸ
1517 1513 1564 1553 τί
1584 1517 1806 1568 περιεῖ-αο

304 1589 379 1627 χον
406 1573 457 1615 τὰ
500 1574 752 1627 γράμματα,
780 1575 851 1614 καί
879 1571 1008 1615 πολλοὶ
1043 1575 1243 1622 κοπιάσας
1285 1576 1356 1616 καί
1393 1579 1626 1619 συνεσθίων
1662 1574 1740 1620 αὖ·

302 1645 389 1688 τοῖς
418 1640 606 1692 ἓμέθυσα
642 1637 798 1688 αὐτούς
826 1638 875 1680 τοὶ
903 1640 1078 1692 μέγιστα
1105 1639 1310 1689 α’κουσίως
1339 1640 1407 1682 διὰ
1438 1639 1485 1682 τὸ
1515 1659 1741 1697 συγκοινω-

395 1736 426 1768 3.
454 1733 606 1781 συρικῆς
625 1734 649 1767 Ρ
784 1735 814 1775 4.
841 1734 1003 1781 σχοίνου]
1028 1734 1155 1769 ἑλίκων
1179 1735 1202 1767 Ρ
1225 1747 1269 1767 an
1296 1735 1454 1780 σχίνουῗ
1567 1739 1602 1792 ⁶⁶-
1623 1737 1740 1793 μῖτᾶ-

395 1782 459 1819 ξας
481 1781 506 1813 Ρ
646 1791 695 1813 ιι.
718 1784 882 1826 μηχανία
907 1781 945 1813 Μ
1053 1783 1102 1815 ι8.
1125 1781 1330 1828 ὑπόσχηται
1369 1781 1606 1831 ἄστεακτοῖμα
1634 1797 1696 1828 της
1712 1785 1738 1818 Ρ

397 1838 450 1871 19·
478 1826 692 1872 παραλάβαι
715 1827 752 1859 Μ
863 1837 917 1859 20.
941 1831 1079 1873 μαθεῖν
1103 1829 1140 1860 Μ
1257 1840 1312 1863 21.
1336 1830 1496 1872 ποιήσας
1516 1832 1543 1864 Ρ

302 1927 390 1954 tram
418 1923 522 1965 gestis
548 1923 709 1955 sentiret:
742 1934 921 1968 quumque
945 1929 1073 1956 neuter
1099 1935 1142 1956 ex
1168 1925 1279 1957 altero
1307 1925 1434 1958 elicere
1455 1932 1576 1970 posset
1603 1933 1737 1961 secreta

303 1969 381 2000 eius
405 1969 570 2008 consilia,
598 1969 726 2001 accidit
750 1969 873 2010 nobis,
898 1969 995 2014 quod
1018 1972 1239 2015 quaestuosis
1258 1971 1470 2016 quibusdam
1491 1972 1622 2007 accidit
1643 1985 1737 2007 mer-

303 2020 457 2047 caturam
485 2015 715 2055 facientibus,
744 2027 893 2060 quorum
919 2017 1009 2049 alter
1045 2029 1109 2061 pro
1136 2018 1247 2050 serico
1272 2019 1430 2062 plantam
1458 2019 1635 2064 quandam
1657 2032 1735 2054 ma—

301 2061 456 2094 ritimam
475 2062 653 2106 portabat,
679 2063 768 2094 alter
782 2074 846 2106 pro
870 2064 992 2108 pipere
1019 2064 1116 2096 iunci
1140 2064 1280 2096 baccam
1307 2064 1451 2098 aridam.
1470 2066 1508 2098 hi
1534 2077 1642 2112 quum
1666 2067 1736 2100 sibi

301 2108 556 2149 occurrissent,
597 2109 891 2154 quaesissentque
926 2110 1098 2151 vicissim,
1129 2111 1301 2156 quidnam
1330 2113 1499 2145 mercium
1531 2119 1736 2158 portarent,

299 2165 389 2186 unus
415 2155 581 2194 sericum,
617 2155 707 2188 alter
728 2156 832 2200 piper
858 2156 958 2188 dixit.
991 2157 1113 2202 itaque
1142 2169 1249 2202 quum
1283 2164 1433 2203 uterque
1458 2159 1604 2193 alterius
1629 2159 1736 2194 delu-

299 2199 409 2233 dendi
428 2201 577 2246 cupidus
601 2207 706 2242 esset,
731 2203 895 2235 convenit
922 2204 1016 2235 inter
1040 2215 1110 2243 eos,
1136 2210 1176 2237 ut
1201 2211 1440 2249 permutarent
1462 2218 1606 2248 merces,
1628 2213 1734 2253 atque

296 2252 448 2292 uterque
474 2247 562 2293 quid
583 2248 674 2281 alter
697 2248 847 2281 haberet
873 2250 1034 2292 ignarus,
1061 2252 1136 2283 eius
1163 2263 1252 2284 onus
1286 2253 1422 2297 accepit
1445 2253 1641 2298 abibatque
1678 2253 1735 2287 se-

297 2294 492 2335 summer,
521 2299 561 2327 ut
586 2295 691 2338 longe
710 2295 910 2335 recederet,
938 2308 982 2328 ne
1008 2297 1100 2329 fraus
1130 2298 1230 2330 fieret
1251 2298 1447 2332 manifesta.
1472 2299 1599 2333 diversi
1624 2300 1734 2345 igitur

296 2351 405 2384 quium
433 2340 606 2375 abiissent
635 2347 671 2374 et
712 2342 820 2386 longo
857 2343 925 2374 iam
951 2344 1139 2376 intervallo
1178 2345 1370 2381 distarent.
1397 2352 1572 2391 postremo
1600 2347 1733 2392 apertis

295 2387 450 2428 sarcinis,
481 2387 579 2432 quod
595 2388 814 2433 quaerebant
837 2388 932 2421 haud
960 2396 1178 2434 repererunt.
1205 2392 1277 2424 tale
1306 2391 1392 2436 quid
1409 2393 1515 2426 etiam
1539 2393 1643 2426 nobis
1666 2405 1733 2427 usu

293 2433 404 2466 venit.
431 2433 600 2479 deinceps
617 2436 847 2479 metropolita
864 2435 999 2476 'surcis,
1027 2437 1070 2468 ab
1087 2448 1203 2470 amera
1223 2444 1259 2471 et
1283 2438 1491 2472 Turachane
1509 2440 1641 2480 missis,
1667 2441 1731 2486 qui

293 2489 430 2512 mecum
457 2487 575 2521 erant,
601 2481 647 2514 ad
675 2492 796 2514 eorum
827 2481 1008 2523 dominos,
1041 2495 1060 2515 a
1097 2485 1224 2528 quibus
1251 2485 1347 2518 missi
1385 2492 1572 2526 venerant,
1607 2486 1730 2520 literas

297 2524 417 2567 dedit;
444 2538 483 2559 ac
502 2527 695 2561 vehemens
717 2540 773 2561 me
798 2528 906 2561 subiit
934 2530 1097 2573 suspicio,
1124 2542 1169 2563 ne
1195 2532 1286 2564 forte
1314 2532 1445 2577 oppida
1470 2530 1644 2578 quaedam
1666 2534 1731 2566 Pa-

297 2573 421 2604 trensis
445 2575 630 2616 territorii,
655 2581 717 2607 aut
743 2575 965 2620 aliquantum
989 2577 1161 2621 pecuniae
1190 2579 1417 2621 promisisset,
1444 2581 1472 2612 si
1498 2590 1535 2612 se
1561 2579 1601 2612 in
1625 2591 1731 2613 occu·

293 2617 413 2660 panda
441 2630 480 2651 ea
515 2620 604 2653 urbe
637 2621 832 2655 adiuvaret.
865 2634 931 2655 nec
955 2624 1086 2655 cessavi
1114 2635 1132 2655 a
1157 2625 1357 2668 suspicione
1373 2651 1381 2665 ‚
1407 2625 1521 2659 donec
1541 2627 1726 2669 cognovis-

295 2673 387 2703 sem,
411 2665 497 2709 quid
524 2679 586 2700 eae
612 2668 736 2700 literae
767 2669 1011 2710 continerent,
1041 2670 1265 2714 multumque
1302 2683 1430 2716 operae
1456 2671 1664 2718 impendens
1691 2679 1729 2706 et

295 2721 372 2742 rum
396 2712 438 2743 iis
465 2714 663 2757 convivans,
684 2715 855 2749 inebriavi
875 2726 934 2749 eos
960 2717 1116 2762 quamvis
1143 2725 1395 2762 repugnantes,
1421 2730 1530 2766 quum
1556 2730 1626 2753 una
1646 2730 1726 2754 cum
