1806 3190
337 145 447 200 368
749 165 975 207 GEORGH
1020 164 1338 207 PnRANTzAE

332 263 574 317 ἆγνοοῦντές
601 263 682 304 εἱσι
709 261 785 317 τήν
820 264 895 305 τοῦ
922 261 1177 306 διδασκάλου
1206 262 1348 307 αὖτῶν
1375 263 1648 323 ματαιότητα.
1676 263 1771 312 ἄλλ’

331 325 443 381 ὅμως
469 329 646 369 κάκεῖνοι
675 327 924 384 ἀσύμφωνοι
952 328 1059 385 πρὸς
1084 328 1289 385 ἀλλήλους
1315 330 1592 386 ὑπάρχουσιν.
1622 332 1662 375 οἱ
1687 337 1768 387 μὲν

330 394 410 448 γὰρ
439 395 493 449 τῷ
532 395 608 434 τοῦ
637 393 821 434 θανάτου
855 394 971 451 φόβῳ
1001 397 1073 437 καί
1097 392 1264 445 ἄκοντες
1301 395 1491 451 ἕπονται,
1530 400 1570 440 εἰ
1596 401 1634 441 δ’
1667 399 1770 450 ἴσως

333 460 506 515 α’ῳόβως
530 459 601 500 καί
627 458 670 501 έν
698 461 863 518 ἐξουσία
893 463 978 518 ἰδίᾳ
1007 462 1216 516 ἐγένοντο,
1250 461 1381 511 εὐθὺς
1411 466 1657 519 Χριστιανοὶ
1682 467 1771 520 ἑγέ·

330 541 447 566 νοντο
480 520 556 566 ἄν·
627 523 666 566 οἱ
705 527 752 567 δὲ
796 527 848 582 τῇ
889 525 1021 584 πλάνῃ
1053 530 1389 581 συναπαχθέντες
1428 529 1483 578 ὥς
1519 533 1671 583 βέβαια
1698 520 1806 601 καί-ἐρ

332 588 471 645 ιῖληθῆ
496 591 569 632 καί
599 588 656 639 ὦς
692 590 987 646 ὡμολογημένα
1027 591 1170 646 ἔχουσι
1210 592 1259 635 τὰ
1295 595 1372 635 τοῦ
1400 595 1607 648 mancipes-9
1630 595 1770 652 ψεύδη
1804 629 1806 648 A

333 659 405 697 καί
432 655 746 710 τερατεύματα·
804 655 841 698 οἱ
865 660 912 699 δὲ
940 660 989 698 οὐ
1019 658 1239 711 βούλονται
1260 654 1489 714 ἇποστῆναι
1516 663 1589 716 τῆς
1615 677 1770 716 πατρο-
1805 649 1806 659 ¹

329 723 573 775 παραδότου
603 722 759 777 πλάνης
787 723 1074 765 αὖταῖναίδοϊ
1098 725 1180 766 τῶν
1200 726 1363 778 γονέων,
1391 725 1479 767 ἀλλ’
1505 728 1571 768 ἐπ’
1599 728 1771 776 ἐκείνοις

329 790 493 829 τιθέασι
520 787 594 842 τήν
620 790 759 830 αἰτίαν
783 791 856 844 τῆς
886 788 991 844 πρὸς
1015 788 1118 831 θεόν
1148 790 1402 845 ἀπολογίας·
1475 790 1514 833 οἱ
1546 793 1592 834 δὲ
1620 791 1692 834 διὰ
1720 791 1765 835 τό

328 850 471 895 ἄνετον
497 857 569 895 καί
597 853 819 909 ἐλεύθερον
840 857 911 896 καί
935 857 1033 909 περὶ
1060 855 1137 904 τὰς
1164 855 1315 910 ἡδονάς
1337 853 1557 910 ἐνδόσιμον
1589 855 1638 899 οὗ
1666 856 1798 912 βού-ι

328 925 468 962 λονται
497 921 725 973 α’ποστῆναι
743 923 816 974 τῆς
847 919 1021 974 πλάνης,
1052 919 1158 962 α’λλὰ
1187 919 1263 975 τὴν
1295 923 1559 977 ἀκαθαρσίαν
1587 925 1660 965 καί
1682 940 1769 976 μα..

326 988 447 1029 ταίαν
492 989 654 1028 δίαιταν
691 988 992 1041 προαιροῦνται
1010 1020 1021 1036 ,
1069 988 1336 1040 γινώσκοντες
1364 991 1441 1040 μὲν
1471 986 1536 1031 δ’τι
1563 985 1638 1031 οὔκ
1664 991 1771 1032 εἰσιν

328 1050 407 1095 ἀπὸ
442 1054 547 1094 θεοῦ
574 1050 624 1093 τὰ
657 1052 885 1105 λεγόμενα,
937 1055 1104 1106 λέγουσι
1134 1054 1170 1093 ‹5‘
1201 1049 1313 1105 ὅμως
1341 1049 1553 1110 ἄντικρυς,
1585 1055 1642 1104 ὥς
1667 1071 1771 1109 προ-

328 1120 505 1173 είρηται,
539 1115 602 1160 ὅτι
633 1116 732 1159 ὁδὸν
765 1119 938 1159 ἐντολῶν
965 1133 1041 1159 σου
1070 1121 1225 1171 γνῶναι
1254 1121 1303 1159 ου’
1327 1119 1548 1171 βούλομαι.
1602 1122 1676 1162 καί
1698 1118 1771 1161 διὰ

328 1188 452 1227 τοῦτο
483 1184 583 1225 οὐδὲ
612 1184 943 1237 παραχωροῦσιν
975 1182 1334 1237 ἀναγινώσκεσθαι
1357 1182 1434 1238 την
1450 1184 1570 1226 θείαν
1598 1183 1768 1241 γραφὴν
1785 1202 1798 1227 ι

327 1253 427 1304 παρ’
459 1251 652 1302 ἐκείνοις,
689 1251 757 1290 ἵνα
786 1248 843 1302 μη
875 1247 922 1290 τὸ
955 1250 1031 1290 τοῦ
1062 1247 1316 1291 διδασκάλου
1350 1249 1492 1291 αὐτῶν
1521 1251 1679 1304 ψεῦδος
1707 1252 1768 1299 εἰς

328 1315 494 1370 ἔλεγχον
521 1313 635 1372 ἔλθῃ.
705 1318 749 1358 ἐν
794 1313 874 1369 γὰρ
912 1317 970 1372 τῷ
998 1318 1208 1374 κεφαλαίῳ
1251 1317 1308 1373 τῷ
1333 1317 1449 1358 Ἰωνᾶ
1478 1313 1586 1358 οὕτω
1615 1319 1768 1373 φησίν,

328 1380 396 1423 ὅτι
424 1378 502 1423 κᾶν
532 1381 674 1430 ὁποῖός
704 1396 803 1423 ποτε
833 1381 1055 1437 φωραθείη
1085 1382 1308 1435 ἀντιλέγων
1335 1385 1393 1438 τῷ
1417 1380 1554 1437 κοράν,
1585 1381 1769 1432 θάνατος

329 1447 436 1490 ἔστω
465 1447 491 1502 ἦ
522 1449 728 1503 τιμωρία,
757 1449 865 1502 μηδὲ
892 1448 1103 1489 πιστεύειν
1131 1451 1272 1501 ἕτερον
1300 1447 1406 1503 πλην
1436 1448 1594 1490 αὐτοῦ·
1650 1449 1694 1490 ἐν
1721 1450 1768 1490 δὲ

328 1517 387 1571 τῷ
411 1515 624 1571 κεφαλαίῳ
651 1516 708 1570 τῷ
730 1513 897 1567 Ἀμράμ
912 1529 1018 1569 φησι
1032 1510 1100 1567 “cuj
1131 1511 1377 1567 πιστεύσητε
1405 1513 1544 1568 ἕτερον
1571 1512 1677 1567 πλὴν
1693 1514 1801 1555 τοῦα

327 1579 527 1632 ἑπομένου
545 1581 600 1637 τῷ
631 1577 816 1635 ἡμετέρῳ
838 1577 976 1636 νόμῳ,’
1005 1581 1141 1620 καίτοι
1159 1594 1204 1632 γε
1233 1578 1277 1620 τό
1299 1579 1540 1633 εὐαγγέλιον
1559 1582 1768 1634 σωτηρίαν

326 1641 432 1688 εἶναι
471 1647 600 1699 λέγων
636 1645 708 1686 καί
750 1644 946 1698 ὄὸηγιάν,
985 1643 1058 1685 καί
1092 1645 1223 1699 μηδὲν
1263 1641 1373 1686 εἶναι
1401 1650 1487 1694 τοῖς
1511 1647 1767 1699 Σαρακηνοῖς

326 1710 384 1767 μή
415 1708 663 1767 πληρώσασι
691 1709 737 1753 τὸ
769 1711 1007 1765 ευάγγέλιον
1033 1709 1106 1752 καί
1130 1709 1197 1752 τὸν
1218 1709 1355 1764 νόμον.
1412 1711 1537 1754 πάλιν
1564 1711 1611 1753 δὲ
1637 1709 1659 1753 ὁ
1687 1709 1765 1752 αὖ·

427 1835 478 1869 ¹7-
502 1823 566 1858 τοῦ
585 1824 611 1857 Ρ
733 1835 782 1869 ¹9·
810 1823 914 1858 ἔσται
935 1822 960 1855 Ρ

329 1948 435 1982 quam
463 1935 659 1981 disputent,
688 1935 942 1969 refutationem
969 1939 1181 1969 metuentes.
1238 1946 1357 1981 neque
1383 1934 1476 1968 enim
1499 1935 1664 1979 ignorant
1688 1948 1765 1970 ma-

328 1984 430 2028 gistri
454 1984 509 2016 sui
535 1984 740 2017 vanitatem.
798 1982 912 2015 nihilo
945 1987 1065 2015 tamen
1101 1983 1215 2015 minus
1251 1983 1321 2027 ipsi
1355 1983 1448 2015 inter
1475 1993 1512 2015 se
1537 1982 1763 2017 dissentiunt.

328 2031 392 2064 alii
418 2030 513 2064 enim
537 2030 639 2063 inviti
664 2035 761 2062 metu
787 2030 908 2062 mortis
934 2040 1013 2062 eum
1038 2035 1247 2074 sequuntur,
1286 2030 1368 2073 qni,
1397 2030 1425 2062 si
1453 2029 1581 2063 timore
1601 2031 1702 2063 vacui
1727 2035 1765 2064 et

327 2079 382 2111 sui
411 2077 498 2110 iuris
526 2082 663 2118 essent,
693 2076 813 2110 statim
850 2075 1043 2109 Christiani
1075 2076 1221 2118 flerent3
1256 2076 1342 2116 alii,
1379 2087 1496 2108 errore
1526 2076 1699 2118 obstricti,
1723 2082 1765 2111 ut

326 2131 422 2158 certa
448 2130 485 2157 et
507 2135 589 2157 vera
614 2129 650 2156 et
684 2123 833 2168 probata
858 2129 1072 2156 venerantur
1101 2122 1284 2155 mendacia
1321 2128 1357 2156 et
1391 2122 1552 2167 prodigia
1575 2123 1762 2157 Mohame-

293 2171 297 2174 ’
326 2173 397 2214 tisz,
423 2172 484 2204 alii
510 2183 530 2204 a
555 2171 746 2203 maioribus
764 2170 834 2203 sibi
858 2169 1006 2203 traditos
1028 2180 1161 2203 errores
1188 2175 1332 2214 propter
1356 2169 1604 2202 verecundiam
1633 2181 1763 2215 paren-

324 2225 399 2252 tum
427 2218 630 2263 relinquere
660 2228 734 2250 non
775 2215 933 2257 audent,
973 2216 1036 2249 sed
1060 2216 1124 2249 hos
1149 2215 1219 2249 sibi
1244 2216 1289 2248 ad
1314 2216 1417 2248 deum
1442 2217 1662 2250 excusationi
1686 2217 1764 2251 fore

325 2265 529 2307 confidunt3
556 2265 619 2297 alii
647 2263 803 2309 denique
822 2268 971 2308 propter
994 2263 1252 2307 indulgentiam
1279 2268 1315 2295 et
1339 2263 1540 2296 libertatem
1566 2269 1602 2296 et
1624 2263 1765 2298 veniam

327 2312 529 2358 explendae
558 2311 720 2345 libidinis
746 2321 897 2343 errorem
927 2310 1090 2343 deserere
1116 2315 1289 2350 recusant,
1316 2315 1423 2354 atque
1447 2310 1618 2354 impuram
1644 2316 1680 2343 et
1701 2321 1765 2344 va-

326 2371 410 2393 nam
448 2360 554 2393 vitam
580 2362 815 2404 praeoptant,
853 2357 915 2401 qui
955 2368 1046 2402 quae
1085 2356 1268 2397 docentur,
1308 2356 1428 2388 divina
1451 2368 1525 2389 non
1553 2367 1628 2389 esse
1652 2356 1764 2401 probe

329 2408 457 2446 sciunt,
484 2405 559 2446 sed,
585 2411 625 2438 ut
653 2404 743 2444 dixi,
767 2403 907 2450 liquido
931 2404 1167 2448 profitentur,
1190 2404 1282 2436 viam
1307 2403 1551 2436 mandatorum
1578 2403 1636 2436 dei
1659 2415 1764 2437 nosse

329 2466 367 2487 se
393 2454 504 2486 nolle.
553 2452 677 2485 eadem
703 2451 748 2484 de
773 2462 876 2483 causa
903 2461 969 2482 nec
996 2462 1107 2483 sacras
1130 2451 1252 2483 literas
1269 2450 1340 2493 legi
1368 2451 1593 2495 permittunt,
1616 2461 1662 2482 ne
1689 2462 1765 2483 ma-

329 2501 428 2544 gistri
456 2499 511 2533 sui
536 2499 720 2532 mendacia
743 2503 987 2542 agnoscantur.
1048 2498 1085 2529 in
1112 2498 1228 2542 capite
1256 2498 1342 2529 Iona
1371 2497 1463 2529 enim
1489 2497 1586 2536 dicit,
1611 2497 1765 2541 quicun-

330 2559 400 2592 que
428 2558 590 2580 coranem
615 2546 823 2590 impugnans
853 2543 1149 2588 deprehendatur,
1185 2554 1264 2576 eum
1288 2549 1399 2576 morte
1426 2542 1650 2576 multandum
1675 2555 1764 2584 esse,

329 2606 396 2626 nec
424 2599 589 2638 oportere
613 2594 776 2638 cuiquam
793 2617 803 2632 ,
839 2591 909 2623 nisi
934 2591 1019 2630 sibi,
1047 2591 1158 2633 credi;
1183 2590 1279 2623 idem
1305 2591 1342 2622 in
1369 2591 1484 2635 capite
1509 2591 1647 2623 Amram
1677 2590 1764 2623 dicit

326 2640 476 2674 ‘nemini
502 2640 659 2680 credite,
694 2639 763 2671 nisi
797 2638 859 2683 qui
887 2637 957 2682 legi
994 2643 1133 2671 nostrae
1153 2637 1400 2682 obtemperat.³
1448 2642 1485 2670 et
1512 2642 1630 2668 tamen
1655 2646 1764 2670 evan-

330 2689 461 2731 gelium
485 2687 634 2720 salntem
663 2692 699 2719 et
723 2686 814 2718 viam
838 2684 1007 2728 appellat,
1033 2689 1069 2716 et
1095 2685 1296 2723 Saracenos,
1318 2683 1389 2715 nisi
1416 2683 1487 2726 legi
1517 2687 1552 2715 et
1578 2684 1762 2726 evangelio

306 2737 309 2738 ⁷
330 2734 562 2775 satisfaciant,
586 2733 679 2767 nihil
705 2743 808 2777 agere
837 2732 934 2765 dicit.
985 2742 1101 2764 rursus
1123 2731 1222 2776 quasi
1251 2729 1402 2771 oblitus,
1427 2740 1520 2774 quae
1543 2735 1624 2763 ante
1651 2730 1763 2763 dixis-
