1806 3190
635 671 865 709 CORRIGEN
867 674 940 710 DA.

191 908 273 952 Pag.
312 906 353 951 47
380 906 442 939 lin.
470 915 560 938 vers.
593 904 630 938 13
656 915 721 950 pro
743 905 934 951 pasionem
958 903 1027 947 leg.
1051 904 1207 951 pusiam.

218 985 261 991 --
313 977 354 1011 77
381 983 427 990 —-
498 983 543 990 —-
597 964 634 998 13
661 985 703 990 -
752 964 914 997 Prienen
938 962 1006 1006 leg.
1034 962 1259 1005 Pergamum.

218 1044 259 1051 -—
311 1025 349 1058 81
384 1044 425 1050 —-
499 1041 545 1048 —
599 1022 636 1065 14
663 1041 709 1047 ——-
757 1020 973 1076 ursumnleg.
987 1021 1138 1068 fulgur.

218 1100 265 1108 —
296 1082 356 1125 144
384 1101 425 1107 —-
601 1091 634 1113 11
668 1098 710 1104 -—
760 1077 926 1113 adeunde
954 1079 1022 1124 leg.
1047 1076 1220 1112 adeundi.

228 1159 268 1165 —
299 1141 361 1173 156
388 1161 428 1166 —

603 1140 641 1172 18
667 1156 714 1163 —-—
760 1137 1002 1183 Beglerbegus
1026 1137 1095 1180 leg.
1123 1136 1213 1181 begl.

501 1100 551 1281 ΙΙΙΙ

221 1217 268 1224 -
297 1199 358 1232 163
383 1218 429 1223 —-
618 1197 638 1241 4
667 1215 712 1223 -·
756 1195 999 1242 patriarchae
1023 1195 1091 1239 leg.
1114 1205 1244 1241 papae.

215 1276 262 1282 —
295 1258 356 1299 193
386 1277 426 1284 --
623 1265 643 1288 2
669 1274 713 1280 —
762 1255 918 1300 suscepit
951 1253 1020 1298 leg.
1048 1255 1201 1299 suscepi.

217 1335 263 1342 —-
292 1325 355 1348 201
387 1334 428 1340 —
503 1334 548 1339 -—
601 1314 640 1357 14
668 1333 714 1340 -
761 1321 898 1347 nosmet
924 1312 993 1356 leg.
1018 1312 1206 1346 nobismet.

217 1393 265 1400 —
291 1373 357 1407 253
386 1393 432 1399 -
478 1377 566 1406 text.
601 1383 641 1417 ¹9
668 1392 708 1398 —
759 1371 925 1417 θεοφίλῳ
954 1370 1022 1415 leg.
1050 1371 1231 1416 Θεοφίλῳ.

211 1450 257 1458 -—
282 1434 350 1466 280
383 1453 422 1459 -
473 1442 563 1465 vers.
595 1441 634 1464 ιο
661 1450 708 1455 -
756 1437 958 1463 exstructos
984 1428 1054 1471 leg.
1079 1429 1255 1462 exstructi

214 1511 260 1517 —
285 1492 347 1535 341
380 1510 422 1518 -
497 1508 540 1515 —
611 1488 633 1533 4
658 1493 742 1534 post
753 1489 832 1522 eius
853 1486 934 1520 add.
959 1500 1044 1521 non.

215 1568 262 1576 —
287 1569 332 1575 —-
380 1567 426 1574 —-
496 1565 543 1574 ο-
612 1548 632 1581 5
661 1558 737 1581 non
750 1544 820 1579 del.
834 1550 869 1578 et
885 1556 948 1590 pro
971 1547 1097 1591 plures
1115 1545 1183 1589 leg.
1205 1546 1410 1590 pauciores.

215 1628 259 1635 —-
287 1609 354 1651 373
381 1626 426 1634 -
497 1625 543 1632 --
597 1617 638 1651 ¹9
662 1616 727 1650 pro
756 1606 795 1638 iu
822 1603 889 1647 leg.
918 1604 969 1637 in.

216 1687 264 1693 -
289 1666 357 1710 403
382 1685 426 1691 -
501 1684 546 1689 -——-
599 1675 633 1700 ιι
662 1682 707 1689 -—
756 1673 824 1697 nec
848 1673 921 1697 esse
947 1661 1013 1705 leg.
1039 1672 1194 1696 necesse.

219 1744 266 1751 -
292 1725 360 1769 475
386 1743 430 1749 —
479 1727 566 1756 text.
596 1721 640 1764 24
667 1741 702 1747 ›-
759 1718 995 1766 ηὗὸρείωναν
1017 1719 1085 1763 leg.
1116 1719 1219 1765 ιζνδρ.
