1806 3190
276 116 384 171 560
915 135 1075 175 mmzx

273 235 418 269 Alexlus
445 234 636 270 Pbrantzes
654 233 800 277 Georgii
830 233 873 275 t,
898 235 957 268 in-

322 282 399 316 fans
425 288 584 315 mortuus
619 293 691 326 192,
719 284 769 316 15.

271 329 418 362 Alexius
446 329 631 362 Phrantzes
656 327 802 371 Georgii
827 327 852 361 s.
884 328 959 374 195,

323 389 374 410 uo.
421 377 570 408 moritur
597 376 676 415 203,
711 375 760 407 13.

272 423 498 457 Andronicus
528 423 729 462 Phrantzes,
744 421 890 465 Georgii
919 420 958 463 f.‚

318 470 434 503 infans
459 474 617 502 mortuus
643 479 722 508 200,
748 479 778 511 7.

271 516 447 560 Georgius
456 516 645 548 Phrantzes
660 515 756 560 quod
769 513 959 547 consilium

325 569 468 596 secutus
496 563 542 596 sit
570 563 606 595 in
633 561 819 595 scribenda
843 560 959 594 histo-

317 611 370 644 ria
396 613 428 650 3,
463 610 482 643 5
507 621 584 655 sqq.
611 608 645 650 5,
672 621 690 654 7
717 620 797 654 sqq.
862 619 915 640 res
940 619 960 640 a

317 658 459 691 nemine
472 656 553 689 dum
568 657 678 689 literis
692 655 878 688 mandatas
891 653 961 687 sibi

323 703 596 737 conscribendas
623 702 836 748 proponitq,
857 713 958 746 isqq.

317 750 462 797 quando
496 756 601 783 natus
633 750 680 783 sit
715 751 781 789 65,
826 750 844 782 3
882 759 959 793 sqq.

318 798 414 831 unde
438 809 552 830 rerum
570 798 734 830 notitiam
750 795 883 828 habeat
902 797 960 833 66,

317 856 355 877 21
390 856 468 890 sqq.
534 844 643 889 patris
685 845 763 876 loeo
800 843 960 876 'rhomae

318 892 490 937 principis
514 891 765 930 cubicularius,
791 901 868 922 cum
899 899 961 921 eo-

319 939 400 972 dem
426 939 463 971 in
492 939 776 982 Peloponnesum
802 935 962 981 proficis-

317 986 413 1019 citur
445 996 518 1030 109,
545 995 583 1019 21
606 996 684 1030 sqq.
736 984 812 1016 eius
837 983 962 1015 fratres

318 1044 391 1078 qua
409 1031 618 1065 conditione
633 1032 724 1064 vitae
739 1031 894 1063 fuerint:
912 1040 961 1068 10,

318 1083 338 1114 5
365 1091 444 1125 sqq.
503 1090 522 1111 a
546 1079 712 1111 Manuele
738 1078 770 1110 ΙΙ
794 1078 832 1109 in
857 1076 961 1110 cubi-

315 1127 435 1159 culum
474 1125 663 1158 assumitur
707 1123 756 1156 ib.
799 1125 837 1158 15
884 1134 962 1167 sqq.

319 1173 365 1206 ad
390 1175 593 1206 Amuratcm
609 1173 639 1204 11
660 1171 796 1214 legatus
813 1183 820 1204 1
836 1174 887 1210 18,
908 1172 957 1202 13.

314 1226 463 1266 propter
477 1220 624 1252 allatum
639 1219 773 1251 laetum
793 1217 960 1250 nuntium

315 1267 422 1300 donis
449 1266 494 1299 ab
521 1267 735 1310 imperatore
763 1264 963 1296 cumulatus

323 1326 398 1359 119,
428 1315 446 1348 5
468 1325 547 1359 sqq.
598 1313 758 1345 ultimam
785 1311 963 1343 Manuolis

316 1362 349 1395 11
365 1361 593 1394 voluntatem
607 1357 874 1392 literismandat
891 1356 963 1399 124,

315 1410 341 1443 6
365 1419 442 1453 sqq.
502 1406 655 1440 Iohanni
685 1406 735 1439 VI
766 1404 809 1437 ab
837 1402 964 1438 eodem

318 1453 586 1488 commendatus
620 1457 691 1494 125,
720 1456 738 1487 5
754 1462 831 1496 sqq.
855 1450 964 1485 huius

319 1501 560 1535 cubicularius
583 1501 623 1533 fit
647 1500 751 1543 ¹244
768 1510 844 1543 sqq.
870 1509 964 1543 quo-

318 1548 425 1582 modo
451 1548 487 1581 in
500 1547 776 1580 familiaritatem
792 1545 966 1577 Constan-

319 1597 388 1630 tini
425 1594 596 1639 despotae
633 1593 773 1626 venerit
810 1593 886 1632 125,
926 1603 966 1636 19

320 1654 398 1688 sqq.
429 1642 468 1675 in
483 1641 590 1674 huius
615 1639 821 1673 cubiculum
846 1643 965 1670 trans-

320 1690 350 1722 it
370 1690 586 1733 126,14ε(1(1.
633 1686 833 1720 Iohannem
847 1684 896 1717 VI
926 1685 963 1717 in

320 1736 608 1780 Peloponnesum
678 1732 965 1778 proficiscentem

321 1785 514 1816 comitatur
533 1793 606 1824 127,
638 1792 646 1812 1
667 1790 745 1825 sqq.
775 1790 852 1811 cum
870 1778 966 1811 Con-

315 1830 483 1864 ‘stantino
507 1829 546 1861 in
571 1827 819 1872 Peloponneso
845 1830 967 1858 manet

326 1877 403 1918 130,
435 1879 486 1912 15.
537 1887 557 1907 a
585 1872 812 1908 Patrensibus
841 1878 966 1917 captus

329 1925 403 1962 138,
440 1935 479 1957 ιο
501 1933 568 1968 sqq
627 1921 800 1953 liberatur
825 1924 862 1952 et
885 1930 966 1951 mu-

323 1970 470 2004 neribus
506 1973 655 2012 augetur
693 1967 780 2008 145,
819 1967 858 2009 14
886 1977 964 2011 sqq.

322 2018 398 2051 eius
413 2021 621 2050 materterae
634 2012 910 2056 111011001100140,
923 2023 961 2044 21

322 2076 401 2110 sqq.
417 2063 657 2097 Chalatritzae
670 2060 875 2105 praeficitur
892 2061 965 2099 150,

320 2124 344 2156 9
364 2122 442 2156 sqq.
493 2109 538 2142 ad
561 2110 765 2142 Amuratem
780 2107 811 2138 11
840 2105 966 2138 missus

328 2161 402 2202 147,
438 2158 473 2190 13
487 2168 564 2202 sqq.
596 2157 671 2195 150,
702 2156 738 2188 13
754 2164 831 2198 sqq.
859 2151 965 2185 huius

321 2204 448 2249 legatis
476 2203 598 2237 literas
623 2200 801 2235 subtrahit
822 2201 895 2238 152,
928 2201 965 2241 14

326 2263 405 2297 sqq.
467 2249 566 2296 quod
600 2258 808 2294 responsum
841 2246 967 2278 tulerit

323 2299 367 2331 ab
393 2299 559 2332 Amurate
583 2297 615 2329 II
645 2296 716 2334 153,
742 2305 765 2337 9
793 2304 869 2338 sqq.
897 2293 965 2325 ite-

324 2357 400 2378 rum
426 2350 549 2389 captus
589 2355 608 2375 a
638 2340 818 2375 Catelanis
844 2344 880 2372 et
907 2351 964 2371 re-

325 2392 465 2425 demtus
497 2392 570 2431 155,
595 2392 627 2424 5.
688 2389 809 2421 Patrae
834 2386 964 2430 praefi-

323 2440 415 2472 citur
446 2440 519 2478 156,
548 2448 604 2469 22.
652 2434 798 2469 Macarii
824 2434 964 2466 Macrae

323 2487 457 2518 amicus
499 2486 572 2527 157,
602 2483 632 2515 3.
688 2481 734 2514 ad
769 2478 964 2514 Iohannem

322 2533 372 2567 Vt
406 2533 565 2576 legatus,
604 2527 897 2574 protovestiarius
925 2526 965 2558 sit

322 2579 373 2613 ib.
401 2590 457 2614 21.
510 2577 555 2610 ad
579 2576 772 2609 Antonium
807 2575 964 2607 (30111110-

322 2637 429 2666 num,
460 2625 660 2658 Amuratem
674 2623 707 2656 11
741 2627 778 2655 et
807 2621 962 2664 impera—

322 2678 436 2706 torem
460 2673 597 2715 legatus
632 2671 705 2710 158,
738 2681 789 2703 ιο.
816 2666 862 2700 ad
886 2666 964 2699 Ma-

302 2721 410 2760 vriam
435 2719 687 2759 Mefissenm,
719 2715 867 2750 Antonii
892 2713 963 2746 Co·-

1069 235 1192 269 mneni
1216 234 1370 277 viduam,
1396 235 1441 270 de
1467 237 1711 283 permutandis

1070 283 1214 327 oppidis
1238 283 1366 316 missus
1398 286 1470 327 159,
1497 287 1530 317 5.
1592 296 1628 318 re
1653 286 1710 318 in-

1071 331 1163 363 fecta
1191 340 1348 363 reversus
1383 329 1431 362 ib.
1465 343 1499 374 ¹7
1521 341 1597 376 sqq.
1666 331 1713 365 ad

1069 375 1313 409 Turachanem
1371 376 1556 420 ablegatur
1619 378 1680 411 160
1702 403 1712 419 ,

1072 425 1105 458 3.
1176 423 1317 467 Cpolim
1359 434 1438 456 cum
1475 424 1712 457 Constantino

1070 469 1307 514 proficiscitur
1334 469 1380 502 ib.
1423 481 1458 513 17
1475 481 1552 515 sqq.
1602 472 1713 504 Amu-

1072 522 1180 549 ratem
1194 517 1226 549 11
1241 517 1277 549 in
1292 517 1517 550 Constantini
1539 515 1712 562 despotae

1069 568 1188 642 partes
1206 562 1381 607 pertrahit
1397 566 1469 603 162,
1484 564 1516 606 4.
1529 563 1573 596 ad
1586 563 1713 598 fratres

1099 610 1250 643 ellantes
1283 609 1327 642 ab
1353 609 1512 643 Iohanne
1529 610 1578 643 Vl
1610 611 1711 654 lega-

1072 662 1129 690 tus
1157 657 1206 689 ib.
1224 667 1278 688 21.
1304 667 1380 689 cum
1393 657 1628 692 Constantino
1645 657 1710 690 de-

1074 709 1175 748 spota
1202 703 1340 747 Cpolim
1374 703 1466 736 redit
1488 703 1537 738 ib.
1563 713 1605 736 22
1633 715 1712 750 sqq.

1073 761 1217 783 uxorem
1243 749 1341 783 ducit
1365 750 1540 784 Helenam
1562 750 1711 784 Palaeo-

1073 795 1190 841 logam
1223 809 1296 842 191,
1327 809 1359 841 7.
1416 797 1493 830 eius
1531 796 1635 831 liberi
1659 797 1710 831 ib.

1079 855 1130 877 11.
1168 854 1240 887 192,
1266 846 1316 878 15.
1349 845 1469 888 193,3.
1498 853 1578 884 200,
1607 857 1640 889 7.
1669 843 1714 876 ad

1074 901 1220 922 uxorem
1254 890 1487 936 Constantino
1524 890 1714 935 petendam

1073 937 1225 970 Lesbum
1248 938 1375 970 missus
1398 949 1469 982 192,
1486 950 1535 982 19.
1562 937 1607 970 de
1634 948 1716 982 per-

1071 983 1250 1016 mutandis
1277 983 1562 1028 possessionibus
1584 995 1604 1016 a
1618 984 1714 1017 Con-

1075 1031 1232 1063 stantino
1259 1030 1302 1063 ad
1325 1031 1543 1064 Demetrium
1568 1032 1711 1064 fratrem

1074 1078 1213 1120 legatus
1247 1078 1330 1122 193,
1366 1079 1421 1111 23.
1493 1077 1712 1120 Selymbriae

1074 1124 1281 1169 praeficitur
1313 1125 1385 1168 195,
1408 1126 1444 1158 13
1459 1135 1537 1169 sqq.
1586 1125 1623 1157 in
1647 1125 1714 1157 Pe-

1075 1171 1314 1215 loponnesum
1339 1171 1432 1203 redit
1451 1175 1524 1214 196,
1546 1173 1595 1214 14.
1621 1170 1716 1215 Cpo-

1075 1217 1137 1250 lim
1156 1218 1291 1261 legatus
1310 1223 1457 1262 propter
1471 1217 1715 1261 Hungarorum

1078 1264 1246 1298 adversus
1282 1264 1415 1297 Turcas
1449 1264 1712 1309 expeditionem

1077 1311 1126 1343 ib.
1151 1322 1194 1343 22
1207 1323 1284 1357 sqq.
1300 1311 1446 1356 Spartae
1462 1317 1498 1344 et
1513 1311 1598 1344 locis
1612 1311 1714 1344 adia-

1076 1358 1239 1391 centibus
1256 1358 1458 1402 praeficitur
1482 1368 1563 1398 200,
1575 1361 1607 1394 8.
1619 1358 1715 1403 Cpo-

1076 1404 1138 1438 lim
1164 1406 1318 1438 mittitur
1328 1404 1373 1438 ob
1391 1405 1594 1447 coniugium
1619 1405 1716 1439 Con-

1077 1452 1227 1485 stantini
1254 1451 1425 1496 ‹iespotae
1447 1457 1483 1484 et
1508 1451 1578 1484 alia
1603 1462 1715 1496 nego-

1074 1499 1124 1531 tia
1150 1500 1229 1539 903,
1250 1509 1282 1530 2.
1333 1498 1378 1531 ad
1402 1509 1553 1531 amer-am
1578 1499 1716 1542 legatus

1079 1544 1123 1578 de
1145 1545 1380 1578 Constantino
1402 1544 1552 1590 despota
1576 1544 1621 1578 ad
1646 1545 1716 1579 im-

1076 1592 1216 1638 perium
1244 1591 1430 1624 evehendo
1454 1592 1534 1635 204,
1568 1593 1606 1626 15
1636 1603 1715 1638 sqq.

1077 1638 1121 1671 de
1152 1649 1262 1671 uxore
1292 1639 1524 1672 Constantino
1559 1639 1718 1683 petenda

1077 1686 1114 1718 in
1132 1686 1283 1718 iberiam
1300 1691 1337 1719 et
1349 1686 1608 1731 Trapezuntem
1632 1687 1717 1718 mis-

1078 1743 1137 1764 sus
1164 1733 1254 1772 206,
1287 1743 1341 1764 22.
1413 1743 1525 1778 prope
1557 1733 1717 1766 Amisum

1078 1778 1300 1821 naufragium
1328 1779 1413 1811 fucit
1437 1791 1516 1819 210,
1550 1790 1599 1812 11.
1639 1780 1718 1813 eius

1077 1837 1157 1858 cum
1191 1825 1509 1870 'I'rapezuntiorum
1557 1837 1636 1870 rege
1672 1826 1718 1859 de

1078 1873 1256 1905 Amuratis
1281 1874 1313 1905 11
1349 1878 1461 1906 morte
1498 1873 1718 1918 colloquium

1076 1919 1125 1951 ib.
1141 1930 1184 1952 20
1201 1931 1276 1964 sqq.
1317 1919 1553 1954 Constantino
1573 1920 1617 1952 XI
1635 1931 1718 1954 sua-

1077 1965 1150 2006 det,
1178 1972 1216 1998 ut
1240 1967 1412 1999 Amuratis
1430 1967 1462 1998 11
1484 1966 1625 1999 viduam
1651 1966 1720 2000 du-

1077 2018 1134 2045 cat
1161 2013 1240 2053 213,
1268 2023 1286 2045 2
1314 2024 1392 2058 sqq.
1457 2012 1597 2057 Cpolim
1623 2014 1719 2047 redit

1076 2061 1204 2103 217‚6.
1230 2060 1447 2103 legationum
1465 2060 1631 2094 satietate
1657 2071 1717 2093 ca-

1075 2111 1158 2150 ptus
1185 2106 1263 2148 223,
1295 2118 1402 2152 isqq.
1434 2118 1454 2139 a
1478 2106 1716 2141 Constantino

1074 2152 1122 2185 XI
1147 2152 1250 2196 largis
1275 2154 1458 2197 promissis
1482 2153 1644 2197 placatur
1667 2155 1718 2187 ib.

1077 2209 1156 2240 227,
1183 2211 1200 2243 7
1228 2211 1306 2245 sqq.
1366 2201 1439 2232 eius
1470 2211 1548 2232 cum
1585 2201 1718 2235 Notata

1077 2246 1298 2291 colloquium
1322 2246 1366 2278 de
1384 2257 1531 2279 munere
1557 2248 1625 2280 sibi
1650 2249 1718 2281 tri-

1075 2292 1221 2326 buendo
1257 2293 1304 2326 ib.
1335 2295 1372 2327 15
1398 2305 1475 2338 sqq.
1502 2304 1582 2337 229,
1615 2295 1649 2336 4.
1698 2306 1718 2327 a

1075 2340 1201 2373 Turcis
1237 2346 1360 2386 captus
1407 2340 1568 2385 Spartam
1615 2341 1717 2374 duci-

1075 2391 1134 2419 tur
1162 2390 1240 2430 309,
1274 2398 1325 2420 no.
1389 2387 1465 2420 eius
1493 2398 1582 2420 uxor
1608 2394 1644 2421 et
1670 2389 1718 2421 li-

1073 2430 1152 2465 beri
1179 2434 1272 2478 capti
1299 2433 1345 2466 ib.
1368 2433 1418 2466 13.
1467 2445 1544 2466 011111
1572 2446 1643 2468 11110
1657 2437 1717 2468 Ιο-

1076 2479 1194 2512 hanne
1205 2481 1450 2513 Cantacuzeno
1467 2491 1593 2513 arcana
1619 2482 1717 2516 Con-

1078 2527 1228 2559 stantini
1243 2527 1288 2559 XI
1325 2527 1475 2560 consilia
1510 2529 1610 2561 novit
1638 2531 1718 2572 327,

1087 2584 1125 2606 10
1150 2585 1228 2619 sqq.
1281 2575 1374 2606 inter
1406 2573 1588 2607 ministros
1618 2574 1717 2607 Tho-

1079 2630 1156 2652 mae
1181 2620 1352 2664 despotae
1378 2626 1540 2665 receptus
1569 2627 1606 2654 et
1630 2621 1717 2654 Cer·
1776 2636 1777 2639 ¹

1080 2672 1158 2699 teza
1173 2667 1308 2712 oppido
1323 2667 1475 2700 donatus
1488 2667 1568 2708 383,
1583 2680 1626 2702 22
1637 2679 1715 2714 sqq.

1080 2713 1118 2746 in
1144 2713 1298 2748 Serviam
1312 2714 1619 2760 ablegatur384‚2
1637 2726 1715 2760 sqq.
