1806 3190
511 175 612 217 Lm.
653 176 725 215 ιιι.
769 173 886 216 CAP.
914 175 987 215 iv.
1366 151 1471 227 257

41 275 244 333 φαίνησαν
271 275 328 332 τῷ
357 276 538 327 βασιλεῖ.
594 273 784 327 Ἰάκωβος
816 274 956 322 Κάκος
999 271 1021 314 ὅ
1043 271 1212 324 Ἑνετός,
1244 271 1348 327 οἷνηρ
1379 270 1477 323 ‹3325-

41 357 160 396 τερος
186 342 261 383 τοῦ
289 344 422 382 ποιεῖν
446 336 475 395 ἢ
507 343 656 394 λέγειν,
675 337 731 389 ὥς
757 339 1061 394 ὲνεμπιστεύθη
1084 339 1159 380 τοῦ
1185 338 1315 393 πέρας
1342 339 1478 379 δαῖσαι

0 422 14 445 x
39 411 115 463 τῆς
139 406 400 459 ὑποθέσεως,
427 400 582 461 ἤρξατο
606 408 683 447 τοῦ
712 403 832 460 ἔργου
852 403 961 447 πάνυ
983 402 1224 460 ἐπιτηδείως
1243 403 1314 446 καί
1339 405 1477 452 καλῶς

38 473 179 530 τρόπῳ
207 473 367 530 τοιῷδε.
432 471 580 514 ἀκάτια
619 470 716 527 τρία
745 469 854 512 πάνυ
883 470 1013 525 ταχέα
1061 473 1132 513 καί
1157 468 1287 525 γοργὰ
1317 471 1477 512 οἰκονο-

0 541 204 599 βμὴσας,
247 537 319 580 καί
341 536 652 593 τεσσαράκοντα
687 537 806 587 νέους
841 539 1104 590 θαρσαλέους
1141 535 1212 579 καί
1228 535 1479 590 ’μεγαλοψύ-

35 620 142 660 χους
165 606 239 646 καί
275 605 492 658 ἀνδρείους
528 604 574 645 ἐν
616 604 759 650 αὐτοῖς
794 600 918 655 ἔβαλε
933 635 946 654 ,
972 604 1013 644 Γ
1013 602 1182 655 ραικούς
1208 617 1252 644 τε
1280 603 1354 644 καί
1373 603 1479 645 Ἰτα-

0 701 3 705 »
37 669 147 722 λοῦς,
176 671 250 712 καί
268 673 415 724 καλῶςζ
427 668 708 724 παραγγείλας
731 662 876 716 αὐτοῖς
903 668 955 710 τὰ
985 666 1122 709 πάντα
1150 670 1223 710 καί
1252 666 1324 717 τὰς
1351 684 1480 709 κατα-

1 727 6 730 ἢ
35 734 342 784 σκευασθεὼας
368 733 476 788 μετά
499 736 574 776 τοῦ
598 730 731 788 ὑγροῦ
753 731 885 789 πυρὸς
904 735 1053 788 τέχνας
1074 732 1227 786 δώσας,
1258 733 1325 774 ἴνα
1345 732 1479 775 ἔλθω-

0 806 2 827 ῑ
35 818 104 844 σιν
130 800 276 851 νυκτὸς
303 802 375 843 καί
400 799 606 856 περάσωσι
634 798 740 853 πρὸς
771 798 843 842 τὸν
870 800 1066 842 Γαλατᾶν
1092 800 1166 841 καί
1201 797 1374 854 πλησίον
1403 801 1480 853 τῆς

0 853 168 923 bns-‘9029
195 869 350 921 ἐκείνης
374 867 448 921 γῆς
475 863 655 907 ἔλθωσιν
674 867 752 914 ἕως
780 866 864 907 τῶν
883 864 1085 921 τριήρεων
1106 864 1179 906 καί
1205 863 1255 908 τὰ
1288 862 1481 919 ὁρισθέν-

0 925 3 977 }
35 950 88 975 τα
114 930 339 988 πράξωσιν,
368 934 442 973 καί
467 928 644 985 ἐγεγόνει
672 927 739 984 ἅν,
768 933 808 973 εἰ
824 929 882 985 μη
925 933 997 973 καί
1023 934 1083 980 εἰς
1111 930 1159 972 τὸ
1189 930 1290 972 αὐτὸ
1318 930 1343 985 ἦ
1374 929 1479 984 κακὴ

34 999 143 1055 τύχη
172 998 290 1054 ἡμῶν
325 998 534 1051 ἐμπόδιζε.
603 998 791 1045 ἐλθόντες
821 999 867 1039 δὲ
897 996 1006 1039 πάνυ
1036 998 1277 1052 ἐπιτηδείως
1307 999 1379 1040 καί
1403 994 1479 1052 τὴν

35 1068 228 1121 γέφυραν
255 1062 606 1119 περιπατήσαντες
633 1065 705 1104 καί
731 1063 986 1118 περάσαντες
1014 1064 1084 1105 καί
1109 1060 1186 1104 δύο
1205 1064 1323 1112 νέους
1352 1063 1480 1119 α’φέν-

36 1146 102 1180 τες
133 1132 224 1171 ἐκεῖ
241 1128 347 1183 μετὰ
376 1131 645 1184 κατασκευῆς,
674 1130 743 1170 ἵνα
765 1126 867 1170 ὅταν
896 1127 932 1170 οἱ
961 1129 1093 1183 ἕτεροι
1120 1131 1179 1178 εἰς
1207 1128 1282 1177 τάς
1296 1130 1481 1184 τριήρεις

31 1198 232 1250 ,ἐγγίσωσι
269 1197 341 1237 καί
370 1195 542 1250 σημεῖόν
579 1211 619 1237 τι
648 1193 783 1247 ἴδωσι,
821 1194 916 1237 τότε
944 1197 988 1237 ἐν
1014 1197 1094 1251 μιᾷ
1120 1192 1211 1251 ὥρᾳ
1237 1198 1404 1253 θεαφίῳ
1432 1193 1478 1237 τὸ

36 1260 168 1316 ’ὑγρὸν
208 1263 293 1315 πῦρ
325 1260 546 1313 α’νάψωσι,
589 1259 828 1315 φθάσαντες
869 1262 915 1302 δὲ
949 1261 1022 1302 καί
1057 1264 1136 1310 ἕως
1166 1263 1249 1302 τῶν
1276 1261 1482 1316 τριήρεων

35 1325 182 1381 ἐγγύς,
212 1325 235 1367 ὅ
264 1325 364 1375 θεὸς
394 1323 422 1381 ἢ
452 1325 522 1368 διὰ
551 1325 626 1376 τάς
657 1326 869 1380 ἁμαρτίας
909 1324 1029 1382 ἡμῶν
1056 1326 1240 1368 ἐκώλυσε
1269 1325 1316 1368 τὸ
1346 1325 1479 1380 ἔργον,

34 1389 67 1447 ἢ
93 1394 137 1444 ἐξ
165 1393 415 1448 α’προσεξίας
451 1390 559 1441 τινὸς
587 1395 670 1433 τῶν
703 1394 807 1434 νέων
836 1393 1003 1434 ἐκείνων
1032 1394 1190 1447 οἰκέτης
1218 1409 1283 1441 τις
1322 1390 1368 1434 τὸ
1398 1409 1482 1446 μυ·-

35 1456 205 1514 στήριον
231 1463 316 1506 τοῖς
333 1459 535 1507 ἐναντίοις
562 1457 744 1512 ἐμήνυσε
764 1474 774 1484 ·
830 1457 904 1498 καί
930 1457 1124 1513 φυλακάς
1149 1458 1387 1512 ἀγρύπνους
1411 1459 1484 1500 καί

37 1521 340 1573 νυκτοσκόπους
367 1521 544 1576 ἔχοντες,
577 1523 634 1571 ὥς
659 1520 768 1565 εἶδον
798 1521 966 1575 αὐτούς,
987 1521 1094 1575 μετά
1122 1526 1282 1566 σκευῶν
1308 1523 1381 1566 καί
1406 1540 1481 1565 πε-

33 1591 144 1645 τρῶν
178 1588 250 1631 καί
273 1588 379 1642 μετὰ
412 1587 564 1643 ἑτέρων
604 1589 787 1631 α’κατίων
816 1588 863 1631 τὸ
893 1591 938 1631 ἓν
974 1586 1146 1631 ἀκάτιον
1173 1588 1379 1642 ἐβύθισαν
1408 1590 1482 1632 καί

30 1654 230 1711 μερικοὺς
258 1657 342 1698 τῶν
369 1655 603 1712 ἀνθρώπων
641 1653 907 1712 ἐζώγρησαν·
975 1657 1050 1697 καί
1076 1653 1212 1705 οὕτως
1241 1655 1364 1698 οὐδὲν
1393 1658 1479 1698 ἓτε-

130 1795 157 1817 i.
183 1783 351 1822 κόκκοςΡ
443 1784 476 1827 4.
502 1785 614 1828 ταχέα
641 1779 715 1819 «9οᾶ
740 1785 803 1818 καὶ
818 1784 842 1816 Ρ
954 1784 1005 1817 13.
1036 1785 1099 1819 καὶ
1123 1783 1358 1829 περάσαντες
1381 1796 1436 1818 om
1451 1785 1476 1818 1³

131 1831 183 1864 15.
210 1833 250 1866 ἐν
271 1832 341 1878 μιᾷ
366 1828 455 1877 ὥρᾳ]
483 1829 596 1870 εὐθὺς
623 1831 646 1863 P
770 1833 822 1864 18.
852 1829 938 1878 ἄπρ.
965 1832 1115 1867 ἐκείνων
1139 1834 1214 1865 τῶν
1236 1835 1330 1867 νέων
1357 1831 1377 1875 ἢ
1401 1844 1475 1866 ποι-

125 1879 174 1924 ριὲ
200 1890 300 1915 τινος
323 1880 571 1924 νομοχρίστου
599 1885 675 1917 τοῖς
698 1879 878 1917 ἐναντίοις
913 1878 1077 1925 ἐμηνύθη
1102 1874 1143 1913 τὸ
1170 1880 1280 1925 ἔργον
1305 1882 1368 1913 καὶ
1393 1878 1474 1913 ἅτε-

123 1926 179 1962 λὲς
204 1926 336 1972 ὲζιιεινε.
361 1928 423 1958 καί
449 1925 534 1971 (pv).-
562 1926 586 1958 P
713 1936 769 1958 22.
795 1924 1032 1973 ἐζώγρησαν,
1070 1929 1134 1961 καὶ
1159 1924 1205 1961 τά
1232 1926 1473 1973 ὃιολοκλὴρως

121 1973 303 2015 ἐποίησαν
327 1976 390 2006 καὶ
417 1971 526 2009 οὐδὲν
549 1971 588 2005 Μ

30 2084 113 2119 dum
141 2097 245 2131 quam
268 2085 314 2119 ad
343 2085 533 2120 dicendum
557 2087 766 2132 promptior,
796 2088 851 2121 cui
877 2088 1100 2122 commissum
1127 2092 1191 2129 est,
1216 2093 1257 2123 ut
1282 2088 1468 2134 perficeret

28 2133 239 2173 consilium,
272 2145 362 2179 opus
395 2133 588 2167 admodum
615 2135 780 2167 alacriter
812 2140 849 2169 et
875 2142 958 2182 apte
983 2137 1032 2170 ita
1057 2147 1237 2181 aggressus
1263 2141 1328 2169 est.
1353 2135 1465 2168 acatia

45 2180 96 2212 ria
119 2181 277 2225 apprime
299 2181 438 2214 velocia
476 2186 513 2215 et
535 2181 643 2225 agilia
679 2182 832 2226 paravit:
859 2183 902 2216 iis
926 2183 1162 2229 quadraginta
1186 2183 1331 2216 iuvenes
1356 2193 1465 2227 gene-

28 2237 126 2260 rosos
150 2232 186 2260 et
212 2233 397 2268 strenuos,
422 2233 496 2261 tum
530 2229 683 2262 Graecos
717 2234 791 2262 tum
816 2230 937 2270 Italos,
972 2230 1104 2276 quibus
1133 2231 1249 2263 omnia
1274 2229 1464 2273 diligenter

54 2274 209 2319 raecepit
233 2274 406 2320 deditque
432 2274 610 2309 machinas
635 2277 714 2320 igne
735 2275 870 2310 Graeco
896 2277 1095 2318 instructas,
1122 2276 1304 2322 imposuit,
1332 2282 1372 2309 ut
1395 2287 1464 2309 no-

63 2331 82 2353 e
107 2320 269 2354 Galatam
297 2322 443 2362 traiecti,
469 2333 580 2367 prope
606 2323 688 2356 litus
729 2322 774 2355 ad
800 2324 958 2357 triremes
984 2324 1194 2358 accederent
1218 2323 1460 2368 facerentque,

26 2411 27 2414 ¹
53 2378 118 2400 uae
146 2368 338 2402 constituta
368 2374 478 2402 erant.
516 2380 556 2402 ac
582 2369 676 2403 bene
711 2370 874 2403 cessisset
898 2372 1090 2416 inceptum,
1118 2372 1188 2404 nisi
1215 2369 1357 2402 sinistra
1385 2371 1460 2403 for-

41 2425 110 2447 una
134 2420 255 2447 nostra
282 2415 405 2448 fuisset
429 2416 648 2461 impeditum.
673 2428 753 2450 nam
781 2428 888 2463 quum
913 2429 1083 2463 prospere
1110 2422 1257 2463 pontem
1280 2417 1460 2450 circumis-

30 2466 104 2494 *eut
127 2462 431 2508 tmiecissentque,
455 2463 587 2497 relictis
612 2463 661 2496 ibi
698 2463 838 2498 duobus
863 2466 1052 2499 iuvenibus
1090 2477 1168 2497 cum
1197 2469 1380 2509 apparatu,
1406 2470 1457 2504 ut,

52 2518 134 2540 uum
157 2509 288 2553 reliqui
325 2510 370 2541 ad
398 2510 556 2543 triremes
581 2511 828 2555 pervenissent
860 2523 901 2544 ac
926 2511 1109 2546 dedissent
1142 2511 1301 2554 signum,
1329 2511 1456 2544 eodem

35 2554 165 2599 utrique
189 2560 347 2601 tempore
376 2555 546 2602 sulphure
568 2558 802 2592 accenderent
827 2558 945 2603 ignem
965 2558 1148 2597 Graecum,
1176 2557 1230 2590 illi
1254 2568 1366 2603 prope
1390 2559 1456 2592 tri-

41 2611 134 2633 emes
164 2602 232 2635 iam
270 2602 507 2644 advenerant,
543 2615 651 2650 quum
680 2605 768 2639 deus
796 2616 867 2639 rem
893 2605 1090 2650 impedivit,
1116 2605 1187 2638 sive
1216 2611 1358 2649 peecata
1385 2616 1454 2638 no-

40 2650 94 2680 tra
119 2648 169 2681 ita
197 2655 418 2688 meruerant,
446 2651 517 2683 sive
546 2651 786 2698 imprudentia
812 2652 978 2686 iuvenum
1005 2663 1124 2685 servus
1160 2651 1290 2696 aliquis
1332 2653 1452 2686 consi-

36 2695 106 2727 ium
131 2694 292 2729 hostibus
314 2696 541 2742 prodiderat:
577 2699 700 2744 itaque
724 2709 834 2745 quum
867 2699 950 2732 illos
975 2698 1327 2738 animadvertissent,
1357 2699 1451 2740 telis,

59 2742 110 2774 xis
134 2747 171 2775 et
194 2743 314 2776 acatiis
344 2755 451 2777 unum
478 2754 496 2777 e
522 2746 650 2780 nostris
676 2746 824 2791 navigiis
855 2751 1142 2787 summenemnt,
1165 2746 1260 2791 ipsos
1287 2745 1451 2782 homines

96 2810 313 2845 Plu-annes.
1172 2826 1207 2860 ¹7
