1806 3190
353 179 371 214 1
384 181 453 214 02
757 177 985 217 GEORGn
1027 172 1345 216 PHRANTZAE

342 291 421 317 σαν
447 276 492 318 ἕν
521 280 613 324 ταῖς
642 276 723 316 ταῖν
751 273 953 327 μακάρων
981 271 1154 328 wicum?
1210 274 1282 314 καί
1306 275 1440 314 ταῦτα
1463 276 1561 328 περί
1586 277 1662 316 τοῦ
1689 278 1780 319 Μ’-

341 356 460 390 νωος.
517 340 544 394 ἦ
573 342 619 382 δὲ
648 339 839 391 Γόρτυνα
870 344 1000 381 κεῖται
1032 341 1078 382 ἐν
1104 341 1231 396 πεδίῳ
1258 337 1363 393 πρὸς
1385 337 1429 380 τὸ
1456 339 1625 395 Λιβύης
1651 341 1779 385 πέλα-

339 420 428 459 γος,
458 405 606 459 οἶπέχει
636 407 681 446 δὲ
710 405 781 458 τῆς
826 402 1035 461 θαλάττης
1069 406 1266 453 σταδίους
1294 401 1517 459 ἑξήκοντα,
1549 404 1778 450 παλαιόθεν

337 475 416 522 μὲν
443 471 735 523 τετειχισμένη,
763 466 941 523 ὕστερον
969 472 1016 512 δὲ
1046 470 1126 512 ὕπὸ
1158 472 1232 512 τοῦ
1258 471 1407 524 καιροῦ
1434 468 1486 512 τοὶ
1514 472 1632 527 τείχη
1661 475 1776 528 φθα-

301 539 463 589 Βρὲντα
492 535 517 590 ἧ
549 537 731 576 πολιτεία
758 533 863 590 αὕτη
895 531 1045 590 ἤθελον
1072 536 1198 578 πάλιν
1224 539 1416 590 τειχίσαι,
1447 536 1519 579 καί
1537 535 1672 593 ἆρχὴν
1702 540 1806 581 zoa-fi

333 603 470 654 βοῦσα
498 603 707 649 κτίσαντες
739 605 875 655 τεῖχος
904 600 1057 643 στάδια
1100 599 1374 657 ὀγδοήκοντα,
1403 602 1476 644 καί
1502 602 1684 654 στάσεως
1710 621 1775 659 γε·

333 668 504 721 νομὲνης
532 665 740 719 οἷναμέσον
768 665 811 708 τό
844 665 962 722 ἔργον
992 667 1134 717 ἀτελὲς
1166 669 1382 721 διέμεινεν.
1437 669 1463 724 ἦ
1497 669 1545 711 δὲ
1572 671 1775 713 Κυδωνία

330 731 503 786 μεγίστη
531 730 608 787 τήν
634 732 871 787 προσθήκην
905 729 964 786 ἦν,
997 739 1128 775 κεῖται
1159 735 1205 775 δὲ
1234 732 1342 789 αὕτη
1370 734 1395 789 ἦ
1422 732 1541 784 πόλις
1556 733 1662 790 πρὸς
1689 741 1776 786 τοῖς

329 794 535 850 ἑσπερίοις
563 799 635 852 τῆς
665 799 791 852 νήσου
826 801 1000 852 πέρασι,
1040 801 1089 840 τὰ
1135 801 1182 842 δὲ
1209 793 1286 855 ἷῖρη
1325 798 1375 842 τοὶ
1405 798 1526 854 ἐγγὺς
1554 799 1682 857 αὐτῆς
1719 801 1773 844 τοὶ

329 861 472 917 ὑψηλὰ
507 865 680 916 Τίτυρος
713 865 955 905 καλοῦνταν
1029 866 1196 919 ἵδρυται
1228 867 1274 907 δὲ
1309 864 1381 908 ἐπὶ
1411 864 1651 922 θαλάσσης,
1677 870 1804 921 flii-1

329 942 467 969 πουσα
492 927 597 982 πρὸς
629 926 703 984 τὴν
732 928 985 983 Λακωνικήν
1009 929 1203 984 πεδιάδα,
1233 930 1373 986 ‹lya-91)
1401 932 1475 974 καί
1497 934 1590 974 λίαν
1619 934 1774 976 πανεύ-

328 1009 491 1050 μορφος
519 996 592 1036 καί
629 994 761 1036 πολλοὶ
792 994 1004 1037 κόκλωθεν
1032 995 1207 1049 ἔχουσα.
1273 997 1415 1039 λοιπὸν
1440 998 1499 1048 εἰς
1522 999 1617 1052 τριά
1647 996 1669 1052 ἦ
1697 1000 1771 1054 νῆ-

327 1075 423 1111 σος,
456 1059 513 1109 ὥς
540 1061 820 1115 προείπομεν,
849 1063 1122 1116 μεμέρισται,
1149 1063 1220 1104 καί
1246 1061 1292 1103 τὸ
1320 1066 1399 1115 μὲν
1429 1063 1534 1118 πρὸς
1559 1062 1675 1120 η’ῴαν
1697 1065 1772 1118 μέ-

327 1139 400 1177 ρος
423 1126 467 1166 ε’ν
494 1131 577 1174 τοῖς
603 1127 672 1179 τῆς
697 1123 906 1181 Γορτύνης
935 1129 1082 1182 μέρεσι
1110 1130 1290 1182 Δωριεῖς
1319 1126 1519 1183 ἐκάλουν,
1548 1127 1593 1171 τό
1627 1131 1675 1173 δὲ
1701 1126 1772 1172 νό-

324 1205 410 1231 τιον
435 1190 726 1244 Ἐτεόκρητας,
763 1192 807 1233 ἒν
852 1186 886 1248 ᾧ
916 1190 1007 1234 ἔστι
1046 1193 1118 1234 καί
1151 1192 1195 1236 τὸ
1224 1196 1436 1248 πολίχνιον
1466 1193 1675 1250 Πράσου,
1720 1194 1800 1237 τὸι

323 1255 372 1297 δὲ
398 1254 564 1297 δυτικὸν
603 1258 730 1310 μέρος
760 1259 991 1307 Κύδωνας·
1061 1261 1135 1301 καί
1171 1261 1379 1311 α’ναμέσον
1406 1259 1548 1302 αὐτῶν
1573 1258 1771 1311 πολλάκις

320 1317 461 1373 μάχαι
488 1321 562 1362 καί
586 1322 761 1374 πόλεμοι
788 1324 982 1376 ἐγίνοντο.
1054 1327 1219 1379 λέγουσι
1251 1327 1297 1367 δὲ
1334 1324 1407 1367 καί
1431 1327 1550 1367 τοῦτο
1576 1325 1674 1381 περὶ
1697 1328 1770 1381 τῆς

325 1383 509 1439 Κρήτης,
539 1383 604 1427 ὅτι
633 1385 702 1428 διὰ
731 1386 776 1429 τὸ
801 1391 874 1444 τῆς
892 1386 1022 1443 νήσου
1041 1389 1175 1443 τραχύ
1206 1393 1279 1431 οὐκ
1307 1392 1503 1433 ἐδύναντο
1523 1390 1627 1444 μετὰ
1655 1391 1768 1445 ἅμα·

322 1451 402 1499 ξῶν
428 1450 666 1506 προσβολάς
685 1458 817 1494 ποιεῖν
844 1452 915 1495 καί
938 1446 1244 1509 οἷκοντίζεσθαι,
1273 1458 1346 1498 καί
1369 1459 1530 1513 πρῶτον
1555 1456 1627 1499 διὰ
1646 1458 1767 1500 τοῦτο

320 1514 494 1570 ἔφιπποι
519 1515 559 1558 οἱ
588 1519 757 1572 Κρῆτες
783 1517 944 1570 ἔδειξαν
971 1521 1208 1574 μάχεσθαι.
1777 1545 1800 1571 2

428 1581 589 1636 Κύριοι
614 1583 662 1623 δὲ
688 1585 898 1638 γεγονότες
925 1586 997 1640 τῆς
1026 1585 1221 1642 τοιαύτης
1247 1588 1430 1643 μεγάλης
1459 1587 1589 1644 νήσου
1617 1587 1766 1645 τρόπον

416 1702 443 1725 ι.
471 1694 596 1728 Μίνου
619 1693 658 1726 Μ
798 1706 830 1728 2.
850 1695 1014 1754 ²Tegmina]
1037 1697 1062 1729 P
1209 1700 1242 1742 4.
1267 1703 1465 1747 φθαρεῖσα
1488 1697 1554 1743 τὴν
1575 1701 1764 1737 πολιτείαν

411 1783 549 1827 ταύτην
574 1786 599 1818 Ρ
693 1797 724 1832 7.
750 1755 941 1835 ‹Zucgzvfz‘aoz
966 1790 991 1823 P
1084 1793 1116 1828 8.
1142 1804 1196 1831 τις
1218 1788 1315 1838 πρὸς
1336 1793 1448 1828 δυ’σιν
1466 1792 1608 1825 Alterus
1709 1804 1760 1827 ιο.

408 1833 540 1876 τέτυρα
569 1832 594 1863 Ρ
693 1844 730 1866 ¹2
769 1833 860 1870 πολὺ
886 1837 930 1878 Ρ,
957 1837 1036 1869 loco
1060 1849 1171 1872 vacuo
1198 1847 1280 1884 post
1308 1842 1444 1885 ἔχουσα
1468 1840 1592 1873 relicto
1708 1843 1762 1876 16.

411 1875 603 1924 ἇναμέσου
629 1879 653 1910 Ρ
774 1892 830 1915 21.
858 1882 921 1926 τῆς
948 1883 1063 1927 νήσου
1087 1886 1221 1930 ταύτης
1244 1888 1375 1933 τοιῷδε
1399 1885 1524 1933 τρόπῳ
1549 1889 1587 1923 οἱ
1605 1886 1759 1935 Ἀγαρη-

408 1927 488 1965 vot,
519 1924 570 1963 ὦς
596 1926 750 1972 ἔφημεν,
777 1928 803 1960 Ρ

317 2033 467 2066 genere,
497 2036 517 2057 a
540 2026 621 2059 Iove
645 2027 683 2060 in
706 2026 894 2062 beatorum
917 2030 1046 2064 insulis
1082 2032 1218 2066 iudices
1248 2035 1434 2068 constituti
1461 2033 1576 2069 suntl'
1602 2035 1691 2068 haec
1711 2035 1757 2069 de

315 2070 450 2103 Minoe.
499 2070 658 2116 Gortyna
682 2074 720 2107 in
745 2075 896 2119 planitie
920 2078 987 2111 sita
1019 2090 1114 2112 mare
1138 2080 1306 2123 Libycum
1332 2087 1489 2126 spectat,
1514 2095 1533 2115 a
1557 2093 1630 2128 quo
1655 2082 1758 2116 abest

314 2116 439 2150 stadiis
464 2119 659 2163 sexaginta.
683 2122 883 2167 antiquitus
908 2126 1017 2158 muris
1043 2127 1158 2160 cincta
1181 2133 1271 2169 erat,
1301 2139 1402 2172 quos,
1427 2130 1558 2162 iniuria
1585 2130 1756 2174 temporis

313 2163 557 2206 labefactatos,
581 2167 804 2211 magistratus
823 2171 1022 2205 instaurare
1045 2179 1254 2219 coeperunt,
1277 2175 1340 2208 sed
1362 2175 1407 2208 ad
1423 2182 1504 2209 octo
1531 2175 1643 2210 stadia
1671 2187 1755 2221 pro·—

314 2209 457 2253 ductos,
487 2218 609 2246 exorta
633 2214 834 2257 seditione,
858 2218 1082 2263 reliquerunt
1106 2221 1302 2261 inchoatos.
1330 2221 1489 2265 Cydonia
1516 2223 1753 2263 incrementis,

312 2267 405 2301 quae
433 2259 605 2303 paulatim
629 2262 744 2306 cepit,
768 2264 921 2297 maxima
945 2266 1032 2306 fuit,
1071 2268 1109 2300 in
1138 2267 1419 2303 occidentalibus
1457 2270 1588 2303 finibus
1612 2270 1751 2303 insulae

311 2305 439 2347 posita.
465 2306 529 2338 alti
554 2313 716 2350 montes,
754 2311 817 2354 qui
853 2311 892 2343 in
916 2313 1047 2346 vicinia
1080 2321 1185 2356 sunt,
1228 2315 1343 2359 Tityri
1368 2328 1499 2350 nomen
1524 2315 1670 2350 habent.
1705 2316 1750 2349 ad

311 2361 406 2384 mare
430 2353 498 2384 sita
536 2359 591 2386 est
607 2378 617 2395 ,
649 2360 687 2388 et
721 2355 930 2390 Laconicam
954 2365 1112 2404 spectat,
1147 2362 1285 2406 egregia
1312 2368 1348 2396 et
1371 2360 1519 2397 mirifice
1545 2365 1686 2408 elegans
1713 2368 1751 2396 et

311 2398 428 2442 ampla
450 2398 489 2431 in
516 2400 676 2434 circuitu.
699 2407 856 2436 ceterum
887 2406 925 2438 in
949 2411 1020 2439 tres
1049 2414 1190 2452 partes,
1228 2415 1267 2442 ut
1289 2409 1465 2452 diximus,
1492 2411 1610 2444 insula
1636 2409 1748 2443 divisa

311 2449 388 2476 est:
427 2450 564 2488 partem
587 2458 708 2482 versus
734 2450 910 2488 orientem
946 2454 1038 2486 circa
1065 2455 1259 2498 Gortynam
1285 2457 1476 2490 Dorienses
1499 2458 1749 2498 nominarunt,

309 2491 500 2524 australem
524 2499 661 2538 partem
690 2496 977 2541 Etcum-menses,
1003 2500 1041 2532 in
1068 2512 1136 2546 qua
1164 2503 1270 2535 etiam
1298 2504 1420 2537 prasus
1445 2505 1656 2549 oppidulum
1683 2508 1749 2549 est,

310 2537 566 2573 occidentalem
591 2541 830 2584 Cydonenses.
872 2545 966 2578 inter
1003 2545 1066 2581 hos
1091 2559 1196 2592 saepe
1224 2550 1317 2582 bella
1342 2557 1378 2584 et
1402 2552 1539 2596 proelia
1567 2551 1749 2584 commissa

309 2588 400 2615 sunt.
428 2585 573 2620 tradunt
609 2589 714 2621 etiam
741 2589 811 2623 hoc
844 2591 889 2624 de
915 2593 1036 2634 Creta,
1069 2601 1215 2640 propter
1240 2598 1468 2641 asperitatem
1493 2599 1561 2632 soli
1585 2609 1656 2631 non
1682 2607 1748 2642 po-

309 2629 419 2681 tuisse
445 2631 481 2663 in
507 2644 547 2665 ea
573 2645 650 2666 cum
677 2637 837 2670 curribus
861 2639 1014 2684 impetus
1047 2642 1125 2674 fieri
1149 2647 1184 2676 et
1208 2643 1379 2686 iaculari,
1404 2644 1500 2679 unde
1524 2645 1646 2679 Cretes
1673 2644 1747 2689 pri-

308 2685 356 2707 nu
380 2687 421 2709 ex
447 2679 545 2722 equis
573 2684 773 2726 pugnarint.

425 2722 531 2758 Potiti
571 2727 678 2770 igitur
714 2741 836 2775 magna
871 2731 934 2764 hae
976 2733 1091 2766 insula
1131 2746 1194 2775 eo,
1219 2747 1290 2780 quo
1321 2736 1493 2778 diximus,
1522 2737 1628 2771 modo
1655 2737 1746 2780 Aga-
