1806 3190
595 179 694 217 Lm.
725 180 795 218 ιιι.
832 150 950 219 CAP.
994 180 1026 217 1.
1353 158 1358 166 ’
1396 179 1501 233 207

77 287 149 341 τῆς
176 286 354 340 Ἰβηρίας
370 282 513 335 κύριον
527 284 566 324 Γ
565 280 738 335 εῶργιον
758 284 922 334 Μέπεν,
947 280 991 330 ὅς
1007 283 1107 336 παρ’
1124 279 1223 336 ἡμῖν
1240 280 1319 338 ῥὴξ
1336 285 1507 337 λέγεται,

48 352 49 355 '
74 351 264 404 καὶπρὸς
282 350 356 393 τὸν
372 349 549 403 βασιλέα
569 349 878 401 Τραπεζοῦντος
894 347 970 403 κὺρ
989 348 1176 403 Ἰωάννην
1190 346 1264 391 τὸν
1277 349 1508 403 Κομνηνόν,

68 418 181 472 ’μετὰ
210 415 356 471 δώρων
385 416 550 469 α’γλαῶν
579 413 652 458 καὶ
677 415 826 467 πολλῆς
853 415 1141 468 παρασκευῆς,
1164 414 1271 468 μετὰ
1299 412 1510 468 ἀρχόντων

19 521 22 523 Α
67 483 148 526 καί
155 485 422 538 στρατιωτῶν
437 485 506 522 καὶ
526 477 811 534 ἱερομονάχων
826 482 899 520 καί
923 482 1119 534 μοναχῶν
1139 482 1210 523 καί
1225 482 1394 533 ψαλτῶν
1405 496 1510 534 μου-

21 552 213 598 -ΐξσικῶνι
230 547 302 590 καί
329 548 484 602 ἰατρῶν
508 547 714 588 καίτινων
741 544 980 600 κρουόντων,
992 540 1150 601 ὄργανα
1177 548 1249 589 καί
1274 551 1393 602 ἕτερα
1420 546 1511 601 εἴδη

75 613 271 669 μουσικά.
337 614 411 656 καί
449 610 641 659 ἐλθόντες
679 613 737 659 εἰς
765 611 944 666 Ἰβηρίαν
971 609 1051 653 {md
1082 611 1246 655 πάντων
1278 614 1511 668 ὲδέχθημεν

76 680 184 734 μετα
210 682 364 735 χαρᾶς,
393 678 466 720 καὶ
491 679 752 731 κρουομένων
789 680 871 720 τῶν
898 679 1110 730 μουσικῶν
1137 681 1261 721 εἰδῶν
1287 681 1359 721 καί
1386 675 1510 733 ὄργάυ

27 759 29 762 ⁴
77 763 159 790 νων
190 747 336 795 πάντες
365 746 402 787 οἱ
436 747 596 787 ἐκεῖθεν
622 742 791 799 ἔτρεχον
817 744 921 785 ἰδεῖν
949 745 1021 785 καί
1046 743 1299 798 ἐθαύμαζον,
1328 746 1512 799 λέγοντες

20 852 21 857 ,
79 810 145 856 ὅτι
179 810 383 869 ἠκούομεν
410 810 507 866 περὶ
535 808 702 863 τούτων,
732 811 820 851 ἀλλ’
851 811 1062 864 αἰσθητῶς
1091 810 1147 870 οἷς
1175 811 1226 852 τὰ
1255 815 1329 853 νῦν
1357 813 1430 852 ov'x
1455 810 1507 854 εἴ·

79 881 206 930 δομεν
226 874 322 920 οὔτε
349 877 600 932 ἠκούσαμεν.
660 875 759 929 οὗχί
785 873 912 928 μόνον
941 875 1022 917 α’πὸ
1051 879 1122 931 τῆς
1151 878 1328 931 Ἰβηρίας
1357 874 1514 926 πόλεως

78 943 184 988 α’λλοὶ
215 946 285 986 καί
313 946 358 987 ἐκ
386 945 469 985 τῶν
489 945 608 996 πέριξ
635 944 768 996 αὐτῆς
800 945 872 983 καί
897 939 1090 996 περάτων
1118 941 1287 998 ἔτρεχον
1312 945 1418 985 ἰδεῖν
1442 943 1514 985 καὶ

73 1013 266 1064 οἰκοῦσαι,
301 1006 366 1052 ὅτι
389 1008 436 1051 τὸ
467 1004 598 1061 ὄνομα
627 1008 767 1050 αὐτῶν
798 1004 960 1062 ἤκουον,
993 1011 1040 1050 τί
1063 1010 1108 1051 δέ
1129 1010 1241 1050 ἐστιν
1267 1009 1342 1050 οὐκ
1370 1011 1513 1064 ἐγίνω-

73 1092 184 1119 σκον.
250 1078 322 1118 καί
361 1073 572 1118 ἐλθόντων
617 1077 801 1128 πολλῶν,
832 1076 876 1116 ἐν
904 1074 1046 1123 αὐτοῖς
1077 1070 1127 1129 ἦν
1157 1077 1234 1117 καί
1255 1093 1314 1125 τις
1340 1074 1514 1132 γηραιὸς

75 1142 178 1186 abaci
204 1144 306 1184 ἑτῶν
334 1138 503 1193 ἑκατόν,
541 1144 614 1183 καί
639 1140 736 1183 τάδε
763 1156 835 1193 μοι
871 1141 1112 1195 διηγήσατο.
1168 1137 1220 1196 ἦν
1247 1137 1430 1194 τοῦνομα
1458 1144 1514 1200 τῷ

32 1209 63 1253 5
74 1211 288 1266 πρεσβύτῃ
314 1209 508 1264 Ἐφραίμ,
536 1204 776 1260 ὁρμώμενος
800 1208 845 1247 ἐκ
872 1210 945 1262 τῆς
973 1206 1215 1263 περιφήμου
1236 1209 1310 1262 τῆς
1336 1207 1516 1263 Ἰβηρίας

73 1275 233 1325 πόλεως
271 1278 489 1329 λεγομένης
519 1304 690 1315 .....
708 1291 718 1300 ·
773 1270 821 1322 ὃς
856 1275 901 1315 ἐκ
930 1271 1117 1328 νεότητος
1154 1274 1286 1316 αὑτοῦ
1313 1276 1512 1330 ᾐχμαλω-
1538 1283 1582 1328 47

72 1344 198 1396 τίσθη
238 1341 319 1382 ὑπὸ
361 1337 589 1393 βαρβάρων
630 1341 703 1380 καί
743 1339 906 1392 ἀσεβῶν
941 1343 1023 1381 τῶν
1059 1342 1219 1382 ἐκεῖθεν
1257 1342 1415 1393 ἐθνῶν,
1443 1342 1515 1383 καί

70 1407 292 1462 ἑπώλησαν
333 1405 466 1447 αὐτὸν
508 1406 567 1454 εἰς
595 1404 645 1447 τοὶ
676 1406 874 1459 ἑνδότερα
901 1407 1010 1460 μέρη
1043 1408 1127 1447 τῶν
1155 1407 1349 1461 Περσῶν.
1419 1402 1440 1448 ὃ
1467 1409 1515 1448 δὲ

70 1471 214 1527 κύριος
241 1473 375 1515 αυ’τοῦ
402 1470 583 1525 ἔμπορος
611 1465 692 1524 ῶν,
722 1470 796 1512 καί
819 1469 923 1523 μετὰ
954 1467 1108 1525 ἑτέρων
1133 1473 1295 1514 πολλῶν
1323 1471 1514 1528 ἐμπόρων

28 1541 262 1590 ,υθέλοντες
294 1538 432 1581 ἐλθεῖν
460 1537 563 1580 κατὰ
593 1536 643 1579 τὰ
672 1539 755 1579 τῶν
782 1538 919 1579 Ἰνδῶν
942 1539 1052 1592 μέρη
1074 1538 1245 1592 ποιῆσαι
1270 1537 1343 1592 την
1372 1539 1512 1586 αὖτοῖς

68 1609 361 1659 νενομισμένην
390 1605 606 1659 ἐμπορίαν,
634 1605 706 1645 καί
733 1604 1053 1658 περιπατοῦντες
1080 1596 1241 1659 ἡμέρας
1268 1607 1342 1647 ουίι
1371 1602 1510 1658 ὀλίγας

68 1666 240 1726 ἤγγισαν
267 1670 386 1713 ἔνδον
414 1672 487 1724 τῆς
514 1671 596 1712 τῶν
618 1670 757 1713 Ἰνδῶν
788 1668 944 1724 χώρας.
1003 1669 1024 1711 ὅ
1053 1668 1180 1719 αὐτὸς
1206 1669 1388 1727 Ἐφραίμ
1416 1672 1509 1712 ἐπι..

168 1800 218 1822 ιο.
244 1784 320 1823 ἀπὸ
345 1788 418 1824 τῶν
443 1789 503 1831 τῆς
521 1788 674 1834 Ἰβηρίας
697 1788 841 1824 πόλεων
870 1789 894 1821 Ρ
1047 1799 1098 1821 ιι.
1122 1790 1186 1823 καὶ
1208 1788 1382 1834 περάτων
1402 1789 1508 1823 οιηῬ

168 1845 218 1868 12.
249 1833 305 1870 ὅτι
328 1835 526 1883 ὀνομάζειν
549 1830 641 1869 αὐτὰ
667 1837 690 1869 P
789 1836 840 1869 ι5.
866 1836 906 1870 ἔκ
930 1847 1029 1874 τινος
1055 1837 1130 1872 τῶν
1156 1835 1218 1879 τῆς
1237 1835 1296 1882 Ἰβ.
1320 1836 1345 1871 Ρ
1457 1848 1507 1883 ¹7·

162 1883 279 1918 ἐκεῖσε
302 1883 328 1915 Ρ
444 1894 499 1915 20.
526 1881 652 1919 αὐτῶν
678 1883 715 1916 Μ

69 1995 115 2029 ad
141 1994 337 2040 principem
360 1993 512 2035 Iberiae,
539 1993 729 2038 Georgium
753 1993 898 2039 Mepen‚
933 1994 997 2038 qui
1035 2004 1054 2026 a
1083 1993 1186 2027 nobis
1217 2005 1279 2028 rex
1304 1994 1447 2039 dicitur,
1473 2004 1511 2032 et

68 2043 264 2078 Iohannem
297 2042 540 2083 Comnenum,
575 2041 811 2085 Trapezuntis
849 2051 987 2085 regem,
1021 2040 1148 2075 missus
1183 2053 1259 2075 sum
1299 2054 1377 2076 cum
1404 2043 1509 2078 donis

67 2089 268 2136 splendidis
292 2090 479 2135 multoque
504 2093 700 2133 apparatu,
731 2100 810 2122 cum
834 2088 918 2121 viris
942 2086 1128 2121 nobilibus
1161 2094 1198 2122 et
1221 2090 1404 2130 satellitio,
1430 2102 1509 2125 cum

67 2137 353 2172 hieromonachis
377 2142 414 2170 et
436 2136 633 2177 monachis,
658 2147 737 2169 cum
767 2135 893 2180 psaltis
921 2142 958 2168 et
980 2135 1140 2176 medicis,
1177 2136 1331 2181 aliisque
1355 2138 1508 2182 quibus-

68 2185 149 2219 dam
172 2195 303 2229 organa
332 2190 369 2218 et
393 2185 463 2217 alia
486 2185 720 2218 instrumenta
744 2183 877 2216 musica
910 2182 1085 2216 tractandi
1110 2184 1245 2227 peritis.
1272 2183 1333 2216 ubi
1363 2185 1399 2218 in
1425 2185 1508 2218 Ibe-

68 2233 154 2266 riam
177 2233 348 2273 venimus,
377 2233 497 2266 cuncti
520 2243 584 2265 nos
611 2231 695 2264 laeti
725 2236 958 2275 exceperunt,
994 2230 1218 2276 pulsatisque
1246 2233 1383 2274 organis
1408 2237 1509 2266 cete-

69 2280 187 2325 risque
213 2280 471 2321 instrumentis,
499 2278 639 2312 incolae
671 2282 920 2311 concursantes
944 2277 1063 2311 mirari
1088 2288 1128 2310 ac
1155 2279 1339 2323 profiteri,
1366 2278 1509 2313 audisse

67 2337 105 2360 se
134 2326 179 2360 de
215 2326 347 2360 talibus
378 2326 505 2366 rebus,
531 2337 736 2371 nunquam,
762 2330 802 2358 ut
823 2335 940 2365 nunc,
980 2324 1142 2358 sensibus
1166 2336 1362 2369 usurpasse.
1389 2337 1509 2372 nequo

69 2374 184 2407 solum
210 2385 254 2407 ex
278 2373 389 2414 urbe,
424 2372 487 2407 sed
512 2374 617 2407 etiam
655 2383 673 2405 e
700 2372 787 2405 locis
831 2377 867 2406 et
892 2371 1095 2417 regionibus
1134 2371 1292 2405 finitimis
1319 2371 1364 2405 ad
1381 2373 1510 2407 viden-

68 2420 152 2454 dum
175 2420 466 2466 audiendumque
491 2425 730 2459 accurrerunt,
757 2420 925 2464 quoniam
951 2419 1094 2452 illarum
1132 2430 1245 2452 rerum
1272 2419 1418 2452 nomina
1444 2431 1508 2454 au-

67 2466 248 2508 diverant,
274 2468 396 2512 quales
425 2468 508 2502 illae
541 2473 678 2507 essent,
705 2466 927 2511 ignorabant.
977 2477 1158 2512 quumque
1187 2465 1290 2498 multi
1314 2466 1507 2501 confluxis-

69 2520 161 2554 sent,
188 2515 258 2548 fuit
280 2515 375 2549 inter
401 2513 467 2548 hos
493 2526 600 2548 senex
626 2514 771 2560 quidam
789 2519 930 2547 centum
956 2514 1098 2547 circiter
1123 2523 1307 2552 annorum,
1333 2514 1394 2558 qui
1421 2513 1508 2547 haee

67 2561 154 2595 mihi
178 2563 341 2595 narravit.
383 2567 459 2595 erat
494 2573 626 2596 nomen
663 2562 739 2595 seni
765 2560 956 2607 Ephraim,
983 2566 1021 2594 et
1051 2559 1219 2593 oriundus
1244 2565 1319 2591 erat
1347 2571 1366 2592 e
1391 2560 1506 2594 nobili

68 2608 205 2642 Iberiae
231 2608 330 2649 urbe,
355 2620 446 2654 quae
466 2610 668 2654 appellatur
694 2632 882 2641 ......
903 2619 993 2652 puer
1014 2612 1136 2651 captus
1153 2618 1173 2638 a
1196 2606 1354 2639 barbaris
1380 2613 1416 2640 et
1439 2608 1507 2641 im-

68 2656 136 2699 piis
175 2656 247 2689 illis
285 2655 478 2699 gentibus,
521 2656 684 2690 venditus
726 2661 779 2689 est
818 2656 854 2688 in
898 2655 1087 2687 interiores
1123 2653 1282 2696 regiones
1310 2653 1505 2688 Persarum.

69 2712 178 2747 quum
213 2702 318 2736 herus
356 2704 453 2742 eius,
501 2704 563 2748 qui
605 2709 776 2736 mercator
820 2707 914 2741 erat,
953 2707 989 2734 et
1025 2700 1088 2732 alii
1123 2699 1226 2732 inulti
1266 2706 1505 2743 mercatores,

70 2748 166 2794 apud
188 2748 296 2783 Indos
334 2750 479 2784 solitum
506 2750 574 2784 sibi
599 2755 793 2784 mercatum
822 2749 973 2788 facturi,
1013 2746 1089 2781 dies
1125 2747 1265 2793 aliquot
1295 2748 1364 2782 iter
1400 2747 1505 2783 fecis-
