1806 3190
600 170 697 209 Lm.
726 171 780 209 11.
822 168 939 210 CAP.
966 170 1054 208 xn.
1429 167 1447 200 1
1464 167 1489 221 7
1508 166 1524 199 ι

93 266 190 310 θεία
220 267 392 322 πρόνοια
425 268 740 323 ανεπιστρόφως
771 267 941 320 ἔχοντας
975 264 1082 321 πρὸς
1107 264 1348 319 μετάνοιαν,
1376 266 1536 306 κατέλι-

94 349 192 375 πεν·
249 330 323 381 οὒς
363 334 409 374 δὲ
442 330 534 390 ᾔδει
575 332 620 375 τὸ
659 337 776 374 θεῖον
815 332 1086 386 εὐγνωμόνως
1115 332 1160 374 τὸ
1191 333 1269 374 τοῦ
1293 332 1535 384 εὐαγγελίου

96 398 288 453 κήρυγμα
320 400 577 452 δεξομένους,
608 401 660 440 ου’
685 400 873 452 παρεῖδε.
930 397 1020 440 τότε
1049 399 1186 440 τοίνυν
1212 394 1536 452 πληρωθήσεται-

23 519 24 522 Ὶ
97 463 122 517 ἦ
151 467 329 517 λέγουσα
353 467 586 520 προφητεία
603 466 678 506 τοῦ
699 464 879 506 “Ησαἰ’“ου
900 461 999 505 εἐοὶν
1026 460 1051 519 ᾖ
1072 463 1094 505 ὅ
1119 461 1301 517 ἀριθμὸς
1328 464 1407 504 ταῖν
1433 461 1536 503 υἱῶν

20 543 22 546 ’
58 528 260 585 5Ἰσραὴλ
285 528 392 582 ὑπὲρ
429 530 503 584 τήν
541 526 681 583 ἄμμον
719 532 790 584 τῆς
821 528 1056 584 θαλάσσης,
1094 528 1139 571 τὸ
1170 529 1434 581 κατάλειμμα
1460 529 1538 569 τοῦ

89 594 260 648 Ἰσραὴλ
287 595 546 650 σωθήσεταιῖ
616 595 689 636 καί
728 593 798 636 διάι
844 597 975 636 ταῦτα
1018 596 1118 649 γοῦν
1145 593 1294 643 ζΗλίας
1326 593 1408 635 ὑπὸ
1431 593 1538 635 θεοῦ

93 660 388 716 πεμφθήσεται
419 659 542 715 τότε,
570 660 670 715 ου’χί
694 662 746 712 δ’,
776 661 833 711 ὥς
859 658 1008 714 ὑμεῖς,
1033 663 1193 715 χρίσων
1221 659 1287 702 τὸν
1315 660 1536 702 Μεσσίαν·

91 725 137 768 τὸ
165 725 247 781 γὰρ
275 729 445 769 τοιαῦτα
475 731 704 782 λογοποιεῖν
732 727 912 780 ἀμαθῶν
943 729 1069 779 ἐστίν,
1095 724 1152 776 ὥς
1179 724 1257 767 που
1287 741 1332 780 γε
1362 723 1538 780 εἰρηκώς

94 790 259 848 ἔφθην,
303 794 375 834 καί
414 795 487 847 τῆς
533 794 696 849 γραφῆς
724 792 992 835 παντάπασιν
1034 791 1244 846 οἶμυὴτων.
1302 791 1323 833 ὁ
1355 793 1400 832 δὲ
1430 794 1538 845 Χρι-

34 871 83 899 ιο
95 857 212 910 στάς,
243 857 350 900 καθὸ
391 859 469 911 μὲν
510 857 631 909 θεὸς,
675 858 748 900 καὶ
773 861 818 900 ἐν
844 860 902 915 τῷ
931 859 1097 915 ου’ρανῷ
1122 860 1194 899 καί
1215 861 1259 900 ἑν
1288 860 1336 914 τῇ
1365 861 1418 914 γῇ
1448 859 1541 899 ἐστι’

93 925 167 965 καί
191 926 235 966 ἑν
259 926 316 982 τῷ
342 925 468 966 παντὶ
494 927 567 966 καί
597 924 704 980 ὑπὲρ
734 922 776 966 τὸ
809 926 893 965 πᾶν
932 923 1021 979 (τὸν
1046 923 1126 978 γὰρ
1157 924 1336 976 οὐρανὸν
1365 922 1437 964 καί
1465 921 1541 976 τήν

93 991 170 1044 γῆν
200 989 281 1043 ἐγώ
317 992 476 1045 πληρῶ,
519 993 627 1044 λέγει
667 989 831 1046 κύριος)
857 1007 869 1018 ·
941 989 1048 1031 καθό
1092 992 1138 1031 δὲ
1170 986 1418 1045 ἅνθρωπος,
1445 983 1541 1030 οὔτε

89 1056 210 1109 χίλια
237 1053 308 1110 ἔτη
347 1053 494 1111 ἔζησεν
532 1052 627 1098 οὔτε
667 1058 853 1099 ἐνταῦθα
892 1050 1020 1110 ἤγουν
1048 1057 1092 1098 ἐν
1120 1058 1173 1112 τῇ
1199 1058 1253 1112 γῇ
1285 1057 1419 1108 ἐστίν,
1448 1051 1539 1097 ἀλλ’

93 1121 215 1176 ἔζησε
244 1123 322 1174 μὲν
357 1121 554 1186 ὑπὲρ,τὰ
583 1119 802 1175 τριάκοντα
835 1120 934 1177 ἔτη,
978 1120 1244 1176 σταυρωθείς
1277 1123 1322 1163 δὲ
1353 1118 1435 1162 ὑπὸ
1460 1122 1541 1161 τῶν

34 1186 81 1227 15
93 1189 295 1229 κακίστων
334 1190 526 1243 πατέρων
554 1185 676 1239 ὑμῶν
703 1191 903 1242 τέθνηκε·
978 1190 1050 1229 καί
1076 1186 1121 1229 τὸ
1158 1190 1235 1240 μὲν
1264 1185 1382 1241 ἅγιον
1409 1186 1544 1228 αὐτοῦ’

93 1256 218 1305 σῶμα
246 1255 371 1308 ἐτέθη
399 1252 443 1295 ὲν
471 1256 678 1311 μνημείῳ,
708 1252 875 1309 φθοράν
900 1256 980 1306 μὲν
1003 1253 1220 1306 δεξάμενον
1236 1289 1248 1308 ,
1276 1255 1326 1295 οὔ
1359 1255 1542 1308 διαφθο-

95 1319 174 1373 (niv
208 1321 279 1372 δέ,
328 1317 352 1374 ἧ
384 1321 428 1361 δὲ
467 1319 563 1360 θεία
603 1317 858 1373 ὑπόστασις,
887 1320 1135 1374 α’χωρίστως
1161 1323 1219 1376 τῷ
1246 1320 1544 1372 προσλήμματι

92 1382 304 1440 ἡνωμένη,
338 1387 549 1439 κατῆλθεν
577 1386 637 1434 εἰς
663 1383 768 1441 ᾅδου
799 1385 923 1439 σκότη
953 1384 1032 1427 σὺν
1060 1387 1111 1442 τῇ
1143 1389 1240 1442 θεΐᾳ
1269 1387 1410 1442 ψυχῇ,
1441 1383 1542 1426 πάν-

93 1467 168 1500 τας
199 1452 277 1495 μὲν
307 1452 391 1492 τῶν
417 1453 599 1505 χρονίων
618 1450 945 1505 ἐλευθερώσασα
976 1453 1163 1504 δεσμῶν,
1197 1447 1468 1506 ἀναστήσασα
1497 1452 1545 1492 δὲ

29 1531 81 1560 20
93 1521 183 1568 μετ’
212 1517 403 1567 ἐξουσίας
435 1519 582 1571 θεϊκῆς
610 1516 654 1558 τὸ
689 1519 812 1570 σῶμα
843 1515 868 1557 ὃ
893 1516 1194 1571 προσελάβετο,
1224 1516 1300 1571 τὴν
1327 1520 1405 1569 μὲν
1435 1520 1545 1572 φθο-

94 1580 171 1636 ροὶν
195 1578 276 1637 ἤδη
316 1581 390 1623 καῖ
426 1583 499 1624 τὸν
541 1580 727 1624 θάνατον
770 1581 1071 1636 ἀποβεβληκός,
1111 1585 1362 1638 α’φθαρσίαν
1398 1582 1547 1625 δὲκαὶ

93 1647 331 1690 ἀθανασίαν
359 1648 590 1699 ἐνδεδυκός.
632 1647 822 1703 Χριστὸς
849 1652 927 1701 μὲν
956 1644 1031 1690 οὖν
1058 1645 1166 1690 οὕτω
1195 1646 1415 1704 τριήμερος
1443 1644 1546 1690 ἅνα-

93 1712 194 1765 στάς
220 1716 294 1756 καί
319 1708 553 1769 τὸνςἈδάμ
582 1716 667 1757 τῶν
705 1716 870 1768 δεσμῶν
900 1711 1012 1764 ἆνείς
1041 1717 1115 1757 καί
1141 1712 1215 1770 τήν
1242 1714 1342 1770 πρὶν
1375 1716 1546 1757 δίαιταν

193 1837 243 1860 12.
268 1826 453 1872 πληρώσαι
480 1828 503 1861 Ρ
630 1827 681 1871 14.
705 1827 900 1874 τριακόσια
925 1828 964 1862 Μ
1061 1831 1112 1864 18.
1139 1826 1247 1870 σκότη
1276 1838 1333 1860 om
1353 1826 1392 1860 Μ
1492 1838 1541 1873 ¹9·

183 1873 338 1925 χρόνων
362 1875 399 1907 Μ

95 1980 180 2027 gelii
206 1980 506 2026 praedicationem
534 1981 695 2014 studiose
733 1981 958 2027 amplexuros
991 1980 1188 2026 praevidit,
1232 1991 1292 2014 eos
1319 1991 1393 2013 non
1418 1980 1544 2023 negle-

93 2029 158 2062 xit.
183 2034 268 2062 tunc
295 2029 399 2072 igitur
425 2029 556 2061 exitum
592 2028 742 2062 habehit
764 2030 874 2062 Isaiae
910 2029 1127 2068 vaticinium,
1158 2027 1256 2073 quod
1281 2028 1353 2060 tale
1379 2033 1456 2060 est:
1477 2026 1544 2061 “si

94 2087 263 2109 numerus
289 2075 442 2108 filiorum
469 2075 607 2108 Israelis
641 2077 860 2120 superaverit
886 2087 1027 2108 arenam
1054 2076 1176 2115 maris,
1203 2075 1378 2119 reliquiae
1403 2074 1543 2108 Israelis

97 2121 368 2156 salvabuntur.”
390 2122 487 2155 ,hanc
515 2123 560 2155 ob
586 2134 726 2156 causam
754 2124 863 2167 igitur
887 2124 981 2156 Elias
1001 2128 1087 2156 tunc
1111 2134 1130 2155 a
1158 2122 1226 2154 deo
1253 2122 1428 2161 mittetur,
1457 2133 1545 2162 non,

96 2175 137 2202 ut
160 2181 220 2202 vos
243 2170 397 2210 iactatis,
426 2170 586 2203 Messinm
624 2177 806 2203 uncturus.
839 2182 920 2202 nam
953 2170 1043 2203 tales
1078 2170 1280 2212 confingere
1306 2167 1461 2208 fabulas,
1486 2170 1546 2202 in-

95 2216 282 2250 doctorum
319 2216 501 2249 hominum
539 2223 610 2258 est,
644 2223 683 2250 ut
710 2223 792 2251 ante
816 2217 901 2258 dixi,
928 2223 964 2250 et
997 2228 1171 2249 sacrarum
1195 2217 1378 2249 literarum
1402 2226 1547 2260 prorsus

97 2264 305 2309 expertium.
356 2263 514 2297 Christus
540 2270 679 2305 autem,
706 2277 775 2310 qua
801 2265 900 2304 deus,
936 2265 974 2297 in
1001 2264 1100 2297 coelo
1127 2269 1163 2296 et
1186 2264 1223 2296 in
1247 2269 1339 2296 terra
1366 2268 1421 2294 est
1448 2268 1484 2296 et
1508 2263 1546 2296 in

95 2311 261 2344 universo
302 2316 338 2344 et
372 2323 477 2356 supra
515 2312 715 2344 universum
752 2311 907 2357 (coelum
949 2312 1043 2344 enim
1070 2316 1107 2344 et
1143 2316 1271 2343 terram
1297 2321 1361 2354 ego
1391 2309 1542 2355 impleo,

95 2357 184 2391 dicit
208 2357 407 2404 dominus);
438 2369 507 2403 qua
532 2365 650 2392 autem
674 2358 792 2399 homo,
817 2369 936 2404 neque
960 2359 1059 2391 mille
1086 2369 1197 2391 annos
1216 2358 1316 2397 vixit,
1340 2367 1459 2401 neque
1486 2356 1546 2390 hie

96 2405 116 2438 i.
147 2416 177 2437 e.
203 2405 241 2438 in
268 2405 370 2438 terris
400 2411 470 2446 est,
496 2405 559 2438 sed
596 2407 685 2439 vixit
712 2406 803 2439 ultra
830 2418 944 2439 annos
972 2405 1142 2449 triginta,
1170 2403 1315 2443 deinde,
1346 2415 1366 2435 a
1391 2404 1545 2438 scelera-

96 2452 236 2484 tissimis
260 2451 454 2485 maioribus
480 2453 604 2486 vestris
632 2454 723 2486 cruci
760 2453 897 2492 affixus,
924 2458 1082 2486 mortuus
1110 2457 1186 2493 εει,
1213 2457 1249 2484 et
1276 2456 1432 2483 sanetum
1462 2462 1542 2484 cor-

95 2510 161 2544 pus
190 2499 279 2539 eius,
304 2499 342 2532 in
366 2506 596 2533 monumento
626 2501 832 2546 repositum,
858 2500 1001 2533 admisit
1026 2499 1220 2538 interitum,
1250 2510 1324 2530 non
1343 2509 1442 2530 corru
1473 2499 1545 2531 tio-

94 2557 200 2588 ηοω,
231 2545 348 2579 divina
373 2552 490 2579 autem
518 2546 741 2592 hypostasis,
779 2547 966 2580 insolubili
1000 2546 1144 2579 vinculo
1176 2557 1254 2577 cum
1284 2556 1338 2585 eo,
1366 2556 1437 2589 quo
1489 2557 1545 2578 as-

97 2598 309 2638 sumpserat,
343 2594 552 2634 coniuncta,
585 2606 663 2627 eum
695 2596 811 2627 anima
846 2594 969 2627 divina
999 2593 1041 2625 ad
1070 2592 1265 2625 inferorum
1290 2591 1455 2625 tenebras
1481 2592 1546 2625 de-

97 2639 243 2679 scendit,
270 2650 463 2685 omnesque
491 2652 508 2674 e
535 2641 704 2674 diuturno
731 2653 869 2675 carcero
901 2641 1046 2685 recepit,
1076 2645 1183 2684 atque
1201 2650 1339 2686 corpus,
1367 2638 1463 2684 qnod
1488 2651 1544 2672 as-

98 2692 312 2731 sumpserat,
338 2688 470 2720 virtute
497 2688 615 2721 divina
646 2689 837 2727 suscitavit,
866 2688 1008 2721 interitu
1044 2692 1080 2719 et
1107 2691 1217 2719 morte
1258 2686 1459 2721 liberatum.
1486 2687 1543 2719 in-

98 2734 322 2779 corruptione
348 2740 383 2768 et
408 2735 672 2770 immortalitate
698 2736 874 2770 indutum.
927 2735 1047 2779 itaque
1064 2732 1222 2767 Christus
1248 2745 1354 2779 quum
1386 2733 1480 2767 hune
1509 2735 1544 2768 in
