1806 3190
296 93 409 160 504
705 113 922 153 lOANNIS
974 111 1337 154 ANAGNOSTAE

232 272 235 277 Ὺ
287 220 444 278 ἔφοδον
484 222 844 277 άποκρούσασθαι.
883 221 1001 273 ἡμεῖς
1029 222 1066 260 δ’
1094 220 1242 275 ὀλίγοι,
1269 222 1340 262 καί
1364 223 1472 276 μηδὲ
1500 221 1644 271 πάντες
1669 224 1740 264 ἐπὶ

287 291 370 330 ταῖν
388 291 536 341 τειχιόν
561 290 615 328 δι’
632 287 682 341 ἢν
701 285 840 328 αἰτίαν
858 285 995 338 ὀλίγον
1022 285 1219 340 πρότερον
1235 285 1515 340 ἐδηλώσαμεν,
1533 285 1738 342 διηγειρό-

286 357 404 406 μεθα
434 355 512 405 μὲν
540 352 613 393 καί
641 352 747 405 ὑπὲρ
781 350 856 405 τήν
884 352 1076 404 δύναμιν,
1111 353 1235 393 ου’δὲν
1263 354 1310 392 δὲ
1339 351 1391 393 τά
1423 353 1602 406 ἡμέτερα
1634 353 1736 408 πρὸς

288 421 485 467 ἐκείνους.
545 418 596 458 ου’
620 421 758 471 βέλεσι
788 419 833 459 δὲ
865 415 994 468 μόνον
1033 419 1214 470 ἐχρῶντο
1243 417 1287 458 τὸ
1321 420 1500 473 πλῆθος,
1531 418 1637 460 ἀλλὰ
1667 420 1737 461 καί

208 492 274 535 343
287 486 336 540 τῇ
363 486 597 539 καλουμένῃ
626 482 776 538 σκευῇ·
832 483 961 536 μικρά
993 484 1039 524 δέ
1067 498 1128 531 τις
1157 479 1205 537 ἦν
1237 481 1346 538 αὕτη
1380 484 1482 537 πρὸς
1510 484 1772 539 συντριβῆνὸ

287 553 372 591 τῶν
398 551 470 590 ἐπὶ
498 548 569 597 τὰς
601 546 793 598 ἐπάλξεις
822 549 997 596 ξυλίνων
1026 546 1369 603 διαφραγμάτων,
1399 550 1473 590 καί
1497 548 1544 591 τὸ
1573 548 1632 604 μὴ
1661 549 1734 592 δύ-

287 619 440 656 νασθαι
473 614 627 668 στῆναί
654 630 770 662 τινας
797 615 865 668 ἐφ’
901 610 1003 668 ὅπερ
1032 615 1234 666 ἐπέμπετο
1262 616 1403 669 μέρος.
1463 613 1557 656 ἔθεε
1589 617 1636 657 δὲ
1663 617 1738 658 καὶ

285 679 307 722 ὅ
338 683 411 734 τῆς
442 679 598 728 δύσεως
627 678 854 734 στρατηγὸς
874 678 1055 734 ἔφιππος
1085 678 1129 720 τὸ
1160 683 1252 720 κατ’
1281 679 1487 730 α’νατολοὶς
1516 679 1735 735 διερχόμε-

285 762 355 795 νος
384 748 458 798 τῆς
485 746 643 793 πόλεως
675 747 828 798 μέρος,
871 742 1014 793 ὅπλοις
1057 743 1371 800 κατάφρακτος,
1410 746 1543 800 λόγοις
1577 747 1736 797 πάντας

286 813 530 864 διερεθίζων
562 812 635 852 καί
671 810 778 863 πρὸς
816 811 1030 863 εὐψυχίαν
1067 810 1254 866 ἀλείφων
1279 811 1351 852 καί
1377 812 1557 865 α’μοιβὰς
1585 828 1736 867 προσε-
1754 833 1796 859 ιο

285 875 630 930 παγγελλόμενος.
685 878 759 917 καί
786 873 843 929 μή
868 878 992 916 τοῦτο
1012 874 1150 929 μόνον,
1180 878 1270 917 ἀλλ’
1299 879 1351 918 ἵν’
1382 877 1444 918 ἔτι
1472 877 1545 919 καί
1575 882 1736 932 προθυ-

284 944 488 997 μοτέρους
516 942 744 996 ἐργάσηται
775 940 848 982 καὶ
874 936 961 983 οἷον
987 941 1093 982 κατά
1131 943 1202 996 τῆς
1230 941 1347 997 ἡμῶν
1374 946 1585 996 σωτηρίας
1609 942 1736 998 ἐκμή-

285 1025 359 1065 νῃ,
383 1008 536 1063 σήρικά
563 1024 653 1049 τινα
681 1008 933 1059 προσέταξεν
953 1005 1100 1059 ἱμάτια
1130 1005 1231 1049 κατὰ
1263 1011 1392 1060 μέσον
1421 1009 1606 1063 α’χθῆναι
1623 1041 1636 1063 ‚
1666 1013 1738 1052 καί

285 1072 441 1126 μισθὸν
492 1071 599 1114 αὐτοὶ
640 1073 854 1126 προύθηκε
897 1077 985 1120 τοῖς
1010 1070 1299 1125 ὖπορύττουσί
1326 1090 1371 1115 τε
1409 1073 1455 1115 τὸ
1498 1080 1636 1128 τεῖχος
1666 1074 1739 1116 καί
1805 1092 1806 1126 2

289 1139 409 1180 λίθον
438 1140 482 1180 ἐκ
504 1137 657 1179 τούτου
676 1145 761 1186 τοῖς
789 1140 1083 1193 δυνησομένοις
1115 1139 1256 1196 ἐκείνῳ
1276 1140 1459 1192 κομίσαι,
1487 1143 1594 1194 μέγα
1613 1143 1735 1194 βοῶν,
1754 1144 1806 1186 15⁴1

288 1202 434 1252 ὁσάκις
464 1199 517 1245 ἄν
546 1220 609 1252 τις
638 1205 762 1245 τοῦτο
791 1205 974 1258 ποιήσει,
1004 1206 1076 1244 καί
1102 1202 1177 1258 τὴν
1210 1205 1421 1248 α’ντίδοσιν
1449 1204 1572 1260 ἔχειν.
1628 1205 1733 1248 ἀλλά

288 1269 363 1310 καί
388 1272 446 1326 τῷ
474 1270 646 1325 πρώτως
676 1268 866 1310 ἀνελθεῖν
906 1268 952 1311 τὸ
985 1275 1122 1323 τεῖχος
1156 1271 1421 1328 δυνησομένῳ
1455 1274 1611 1313 πολλαί
1629 1287 1739 1320 τινες

289 1332 533 1389 προύκειντο
563 1335 719 1390 δωρεαὶ
755 1337 828 1377 καί
852 1335 1103 1388 ὑποσχέσεις
1139 1337 1304 1389 μυρίαι.
1358 1339 1414 1394 τῷ
1441 1353 1506 1379 τοι
1533 1341 1607 1380 καὶ
1631 1334 1739 1387 εἶδες

290 1398 341 1443 ἂν
370 1403 415 1443 ἐν
438 1401 607 1450 ἐκείνοις
644 1404 813 1456 πρᾶγμα
841 1400 997 1450 παντὸς
1036 1396 1151 1452 ἄξιον
1180 1402 1426 1453 θαύματος·
1484 1401 1736 1456 ἑπιλαθὸμε·

291 1482 354 1509 νοι
382 1466 463 1521 γὰρ
494 1464 559 1508 ὅτι
585 1470 709 1520 σῶμα
736 1466 993 1521 περίκεινται
1020 1467 1127 1522 πρὸς
1154 1470 1321 1521 καιρίαν
1347 1467 1508 1524 πληγήν
1525 1469 1739 1523 α’ντισχεῖν
1750 1485 1803 1512 20

291 1531 524 1585 δυνάμενον
569 1533 767 1584 οὐδαμῶς
808 1531 881 1574 καί
926 1530 1109 1574 θάνατον
1150 1531 1247 1587 ἔχον
1285 1535 1400 1591 αὐτῷ
1435 1535 1737 1587 συνεπόμενον,

292 1596 432 1653 ὥσπερ
472 1600 578 1647 τινὲς
618 1595 756 1652 ἄγριοι
782 1601 912 1653 θῆρες
950 1597 1021 1639 ε’πὶ
1063 1598 1107 1640 τὸ
1142 1605 1282 1653 τεῖχος
1311 1601 1520 1655 ἐχώρουν,
1545 1601 1740 1642 τοσοῦτον

290 1665 529 1718 ἑγγίσαντες
557 1663 615 1712 (ὃς
647 1663 720 1705 καί
747 1666 883 1713 λίθοις
925 1666 1007 1706 τῶν
1047 1666 1221 1714 ξυλίνων
1251 1666 1583 1721 διαφραγμάτων
1610 1683 1740 1708 κατα-

213 1733 435 1789 344βαλεϊν
465 1730 542 1771 οιῖκ
569 1731 701 1784 ὀλίγα.
760 1728 798 1772 οἱ
825 1731 904 1784 μὲν
934 1725 1010 1772 οὖν
1038 1727 1192 1781 οὕτως·
1249 1730 1288 1773 οἱ
1315 1733 1363 1774 δὲ
1393 1730 1437 1774 τὸ
1464 1737 1604 1787 τεῖχος
1631 1732 1736 1773 ὑπο-

294 1924 504 1965 custodiam,
526 1924 587 1969 qui
617 1924 901 1958 adversariorum
926 1924 1100 1970 impetum
1138 1924 1388 1958 retunderent:
1413 1935 1479 1958 nos
1507 1936 1589 1958 vero
1617 1926 1735 1969 pauci,

294 1983 412 2017 neque
440 1972 558 2004 cuncti
581 1972 619 2004 in
645 1973 754 2004 muris
778 1972 824 2005 ob
852 1983 928 2004 eam
964 1984 1068 2017 quam
1096 1983 1199 2017 supra
1228 1972 1380 2005 diximus
1409 1983 1566 2014 causam3
1590 1977 1627 2005 et
1649 1972 1736 2006 licet

294 2031 400 2063 supra
425 2019 517 2051 vires
541 2018 786 2059 animaremur,
813 2019 935 2052 nullae
959 2025 1079 2052 tamen
1095 2025 1196 2052 erant
1212 2030 1265 2052 res
1289 2025 1444 2060 nostrae,
1466 2019 1512 2052 ad
1534 2019 1615 2052 illas
1637 2030 1734 2052 com-

295 2071 455 2110 paratae.
503 2075 571 2097 nec
595 2065 719 2098 iaculis
735 2071 874 2098 tantum
892 2065 995 2098 turba
1022 2067 1097 2106 illa,
1122 2066 1184 2099 sed
1203 2068 1438 2099 instrumento
1467 2067 1574 2099 etiam
1599 2067 1733 2110 pusillo

294 2112 340 2146 ad
370 2111 643 2145 comminuenda
667 2113 784 2155 lignea
824 2113 861 2144 in
888 2114 1164 2157 propugnaculis
1202 2114 1399 2158 sepimenta
1424 2113 1603 2150 utebatur,
1635 2112 1734 2158 quod
1791 2139 1806 2158 ⁷3

293 2159 499 2204 ubicunque
523 2159 809 2203 intorquebatur,
838 2161 930 2192 viros
958 2171 1119 2205 quosque
1141 2160 1264 2192 obvios
1289 2159 1514 2193 deturbabat.
1553 2159 1624 2192 dux
1647 2160 1734 2192 item

292 2205 517 2246 Occidentis,
544 2217 636 2250 equo
665 2206 835 2246 insidens,
860 2207 1090 2250 perceleriter
1115 2207 1341 2252 properabat,
1369 2207 1579 2239 orientalem
1604 2206 1734 2240 civita-

293 2254 337 2286 tis
364 2253 504 2298 plagam
530 2253 763 2294 circumiens,
786 2254 890 2285 armis
917 2254 1192 2298 circumseptus,
1222 2253 1340 2287 verbis
1365 2264 1485 2286 omnes
1511 2253 1669 2286 excitans
1698 2259 1735 2286 et

291 2299 337 2332 ad
362 2298 610 2332 fortitudinem
635 2311 766 2332 acuens
794 2305 832 2332 et
857 2301 1015 2344 praemia
1041 2302 1263 2345 promittens.
1314 2305 1350 2333 et
1375 2305 1413 2332 ut
1438 2299 1554 2332 adhuc
1579 2300 1733 2333 alacrio-

292 2358 345 2379 res
374 2346 530 2379 efiiceret
554 2352 661 2391 atque
688 2358 769 2391 erga
797 2352 953 2379 nostram
985 2347 1134 2380 salutem
1161 2347 1377 2386 furiosiores,
1403 2348 1530 2379 sericas
1555 2352 1670 2380 vestes
1695 2347 1733 2379 in

290 2393 450 2426 medium
475 2394 592 2427 afferri
613 2393 729 2434 iussit,
758 2399 794 2426 et
816 2405 994 2426 murorum
1021 2394 1216 2427 fossoribus
1243 2393 1442 2426 mercedem
1467 2394 1665 2439 proposuit,
1695 2399 1733 2426 et

289 2441 351 2485 qui
377 2439 535 2485 lapidem
563 2451 606 2472 ex
635 2451 676 2473 eo
710 2445 849 2473 erutum
878 2441 1079 2481 attulisset,
1118 2441 1190 2474 alta
1214 2452 1300 2473 voce
1329 2440 1502 2479 reboans,
1529 2441 1669 2486 quoties
1694 2440 1732 2473 id

289 2489 412 2531 egerit,
440 2498 567 2519 munus
591 2492 864 2531 reportaturum.
889 2487 962 2519 illis
988 2499 1133 2532 quoque
1163 2488 1223 2532 qui
1254 2488 1358 2532 primi
1385 2499 1522 2520 murum
1554 2486 1734 2520 ascendis·

288 2539 389 2574 sent,
415 2534 528 2566 multa
555 2533 651 2566 bona
677 2533 948 2579 spondebantur
978 2540 1015 2566 et
1044 2534 1324 2578 pollicitationes
1351 2535 1570 2567 innumerae.
1621 2545 1732 2579 quare
1787 2538 1791 2539 ⁷

288 2581 534 2626 conspexisses
564 2581 701 2613 inillis
733 2593 806 2613 rem
842 2581 938 2614 omni
969 2580 1203 2614 admiratione
1237 2581 1402 2624 dignam:
1438 2591 1590 2625 namque
1627 2580 1731 2613 obliti
1788 2604 1791 2607 v

289 2638 437 2671 corpore
464 2639 501 2659 se
539 2627 611 2670 tegi
638 2628 736 2672 quod
775 2628 874 2660 letali
900 2628 1039 2660 vulneri
1065 2628 1226 2660 resistere
1264 2639 1336 2660 non
1363 2627 1498 2660 valeret
1523 2633 1560 2660 et
1584 2633 1731 2660 mortem

288 2673 356 2706 sibi
384 2675 515 2707 sociam
541 2673 707 2716 deferret,
735 2679 904 2720 tanquam
924 2675 1091 2708 immanes
1109 2675 1252 2708 belluae
1273 2675 1310 2708 in
1326 2686 1465 2708 murum
1492 2673 1729 2718 contendet-(25
