1806 3190
330 156 438 209 322
740 167 967 210 amnon
1012 163 1331 206 mmmm-zm:

323 274 511 323 βασιλεῖς
545 268 717 322 ,ιιεγά2οι
760 269 804 316 ἐξ
835 265 965 307 αὐτοῦ
993 262 1211 318 γεγόνασι,
1247 278 1312 302 και
1354 257 1430 307 τοὶς
1463 261 1607 312 χεῖρας
1629 240 1790 336 adnuo}

324 336 395 378 ε’πι
418 336 572 383 πάντας
590 333 832 387 θεωροῦμεν
859 327 978 384 εἶναι,
1007 346 1076 371 και
1097 326 1140 369 αἱ
1168 333 1306 381 χεῖρες
1330 324 1491 367 πάντων
1517 324 1580 365 ἐπ’
1608 322 1757 374 αιῖτόν,
1781 327 1790 382 :³3

325 402 399 443 καί
428 398 722 456 ἑνεκατῴκησεν
748 395 819 439 ἐπὶ
833 395 1052 450 πρόσωπον
1079 393 1198 448 ἡμῶν
1216 391 1391 444 πάντων,
1420 391 1491 431 καί
1517 387 1555 430 οἱ
1583 390 1630 431 ἐκ
1655 385 1791 431 τούο,

324 482 396 508 του
427 465 586 517 τοξόται
615 459 781 518 ἄριστοί
808 478 891 505 εισι
916 462 1010 504 λίαν
1038 462 1146 502 λι’.αν
1215 463 1268 500 π2
1273 457 1322 512 ἠν
1349 458 1422 511 τῆς
1453 454 1657 509 διαθήκης
1680 469 1791 508 etv-:22

325 534 401 573 τοῦ
433 528 455 570 ὅ
478 529 574 578 θεὸς
602 529 829 584 ὑστέρησεν
857 526 998 569 αυτόν.
1027 523 1132 568 ὥστε
1161 523 1305 572 καθώς
1326 538 1452 579 φησιν
1476 517 1502 575 ἦ
1530 520 1629 563 θεία
1652 517 1794 596 you-³

327 595 414 652 φή,
443 611 510 636 και
551 591 602 650 ἦν
640 595 870 648 ὡρισμένον
908 595 954 635 ἐκ
978 594 1132 634 πολλοῦ
1168 586 1331 633 ανωθεν
1371 591 1426 630 δι’
1462 581 1520 629 ὦν
1547 582 1792 640 κριμάτωνῖ

326 659 435 703 οἷ”ὸεν
463 659 485 701 ὅ
513 660 611 710 θεὸς
637 659 830 708 τοιούτως
856 661 1072 713 γενέσθαι’
1144 653 1195 711 ἦν
1223 655 1303 710 γὰρ
1336 655 1489 708 ἀνάγκη
1519 648 1660 694 λοιπὸν
1686 652 1793 693 ἵνα
1777 678 1792 701 ,

325 730 455 780 πέρας
484 726 642 780 λάβωσι
671 725 721 768 τὰ
750 742 829 767 οσα
858 723 878 765 ὅ
908 723 1086 778 θεόπτης
1104 723 1265 776 ΝΙωσῆς
1294 719 1440 776 ἔφησε,
1471 718 1540 760 καὶ
1568 716 1667 770 οὐχι
1690 731 1790 760 οτι

325 794 402 835 οὐκ
429 794 684 849 ὲφρονοῦμεν
715 792 855 845 ὀρθῶς
884 788 1087 842 Ῥωμαῖοί
1107 804 1150 830 τε
1189 787 1261 829 καί
1284 789 1434 840 Σέρβοι
1470 800 1540 826 και
1566 781 1783 836 Βουλγα-

325 875 406 912 ροι,
434 858 576 908 καθώς
605 862 794 911 λέγουσιν
819 856 856 897 οἱ
885 856 1200 913 κατηγοροῦντες
1231 854 1342 908 ἡμᾶς
1373 849 1446 892 καί
1470 850 1796 909 ‹indigenam-,Q

323 924 399 967 ἐάν
442 927 488 967 δὲ
530 923 655 965 πάλιν
693 924 765 964 καί
796 920 874 962 ὖπὸ
917 919 1131 975 ἁμαρτιῶν
1170 917 1290 972 ἡμεῖς
1325 913 1658 970 ἐπαιδεύθημεν,
1686 914 1760 955 καὶ
1790 945 1793 952 .

322 990 444 1066 υμεῖς
470 989 507 1032 οἶ
532 990 680 1033 Ἰτα2οἰ
705 986 764 1041 μὴ
795 986 1035 1041 α’μερᾴινως
1060 984 1250 1037 μείνατε,
1285 981 1389 1024 dms)
1417 980 1491 1030 τὰς
1516 985 1662 1035 χεῖρας
1688 979 1761 1021 ἐπι
1785 993 1793 1035 ζ

321 1054 368 1098 τὸ
395 1059 552 1111 στῆθος
590 1055 708 1107 υμῶν
739 1053 888 1106 βάλετε
929 1053 1001 1092 καί
1028 1049 1130 1091 κατὰ
1158 1051 1257 1090 νοῦν
1283 1045 1561 1102 ἐνθυμήθητε,
1586 1047 1658 1087 καί
1682 1061 1759 1086 κα-

320 1138 396 1176 τηγ
398 1123 594 1176 οροῦντες
622 1121 729 1174 ἡμᾶς
758 1118 957 1159 παύσατε.
1023 1116 1144 1157 αύτοί
1171 1116 1216 1156 δὲ
1246 1129 1282 1155 οι
1308 1115 1561 1167 ’[σμαη2ἴται
1589 1125 1760 1153 απιστοι
1784 1117 1796 1166 ξ

322 1203 434 1235 οντες
471 1185 649 1240 >gannac
686 1201 753 1225 και
784 1181 1080 1236 ἇνε2εηιιονες,
1111 1179 1330 1234 προστάξει
1361 1180 1405 1220 δε
1435 1179 1540 1220 θεοῦ
1564 1175 1661 1225 τούς
1689 1167 1799 1234 ττι-ἐ

320 1251 446 1300 στούς
475 1249 722 1292 παιδεύουσι
742 1249 813 1290 καί
838 1250 882 1290 τὸ
912 1253 1052 1289 πλεῖον
1073 1249 1199 1300 μέρος
1216 1249 1292 1286 τοῦ
1312 1245 1466 1286 κόσιιου
1498 1242 1759 1296 κυριεύουσι.

322 1318 387 1359 διὸ
431 1321 484 1358 ου’
520 1319 589 1358 δεῖ
613 1319 990 1370 μεγαλορρημονεῖν
1023 1312 1119 1367 περὶ
1145 1310 1305 1353 τούτων
1329 1310 1424 1358 τούς
1450 1305 1659 1362 Ἰταλούς,
1690 1304 1760 1349 ὅτι

323 1383 395 1425 διὰ
429 1382 475 1424 τὸ
508 1383 644 1437 ὀρθῶς
673 1388 844 1438 φρονεῖν
872 1379 942 1421 καί
970 1379 1123 1420 δίκαιοι
1145 1378 1216 1420 καί
1240 1375 1348 1431 ἅγιοι
1371 1374 1545 1423 ἑαυτοὺς
1570 1377 1759 1428 λέγουσιν

321 1447 441 1502 εἶναι,
470 1451 543 1490 καί
571 1447 641 1489 διὰ
661 1446 735 1502 τὴν
764 1448 904 1488 αὐτῶν
922 1447 1170 1501 ὀρθοδοξιάν
1196 1445 1268 1486 καί
1285 1440 1552 1496 δικαιοσύνην
1582 1442 1660 1489 ἕως
1683 1439 1757 1482 τοῦ

317 1517 393 1558 νῦν
420 1514 704 1567 βασιλεύουσι.
1791 1508 1797 1518 ‘²

433 1580 613 1628 Τούτους
639 1582 716 1631 μὲν
747 1578 842 1627 τούς
870 1577 1016 1631 λόγους
1046 1578 1266 1631 εἰρήκαμεν
1293 1574 1391 1628 οὐχι
1429 1573 1532 1628 πρὸς
1553 1571 1597 1615 τὸ
1629 1587 1757 1613 κατοι-
1788 1606 1796 1629 (

318 1649 472 1699 κρίνειν
498 1643 528 1700 ἡ
555 1650 798 1700 κατηγορεῖν
827 1661 931 1696 τινα,
959 1643 1017 1697 μὴ
1047 1646 1219 1697 γένοιτο,
1248 1638 1336 1683 ἀλλ’
1366 1642 1434 1682 ι’να
1463 1645 1547 1689 τοῖς
1577 1641 1758 1680 καταλα-
1787 1645 1798 1692 g

318 1717 465 1754 λοῦσιν
490 1712 599 1766 ἡμᾶς
637 1710 838 1763 δείξωμεν
878 1706 945 1751 ὅτι
986 1709 1062 1751 οὐκ
1092 1709 1233 1764 ὀρθῶς
1275 1724 1345 1750 και
1374 1708 1524 1762 σαφῶς
1550 1704 1626 1753 τὰς
1654 1719 1758 1758 γρα-

415 1851 467 1884 13.
494 1855 575 1896 post
598 1849 831 1897 ἐνθυμήθητε
852 1860 991 1882 versum
1020 1847 1210 1882 dimidium
1234 1858 1382 1881 vacuum
1410 1847 1435 1880 P
1786 1834 1797 1895 ξ’

1787 1895 1796 1914 ἶ

320 1985 357 2013 et
381 1989 504 2012 manus
542 1979 619 2012 eius
656 1978 821 2012 adversus
859 1989 1002 2018 omnes,
1035 1983 1072 2011 et
1107 1978 1264 2010 omnium
1295 1987 1418 2009 manus
1449 1974 1615 2008 adversus
1639 1973 1756 2018 ipsum
1783 1973 1786 1975 ’

320 2029 476 2059 intentas
502 2025 674 2066 videmus,
699 2031 735 2058 et
763 2025 982 2057 domicilium
1009 2025 1201 2058 collocavit
1225 2025 1263 2057 in
1285 2027 1477 2067 conspectu
1503 2021 1613 2054 nostri
1638 2020 1772 2053 omni-.

319 2086 391 2114 um,
417 2079 454 2106 et
477 2073 612 2118 posteri
635 2073 711 2105 eius
740 2073 911 2116 sagittarii
936 2073 1042 2115 longe
1068 2071 1196 2115 optimi
1223 2076 1328 2112 sunt3
1355 2069 1523 2114 pactione
1547 2073 1666 2100 autem
1693 2077 1806 2110 οιιει,4

320 2120 408 2153 deus
434 2131 514 2152 enm
541 2119 721 2152 exclusit.
754 2125 814 2159 ut,
855 2118 1153 2163 quemadmodum
1186 2119 1224 2150 in
1244 2117 1348 2150 sacris
1373 2116 1485 2149 literis
1514 2121 1566 2148 est
1591 2120 1628 2147 et
1649 2114 1806 2158 longe.¹

320 2173 405 2200 ante
432 2167 664 2200 constitutum
685 2171 761 2199 erat
788 2165 832 2198 ob
859 2166 1027 2205 rationes,
1054 2176 1141 2210 quas
1165 2164 1251 2197 deus
1275 2164 1387 2203 novit,
1411 2164 1461 2195 ita
1485 2162 1657 2194 evenerit.
1686 2171 1773 2196 ne-.

319 2224 418 2246 cesse
454 2214 547 2246 enim
574 2219 667 2254 erat,
689 2218 730 2245 ut
765 2217 931 2244 eventum
970 2211 1167 2252 haberent,
1210 2219 1445 2256 quaecunque
1472 2209 1613 2241 <livinus
1637 2208 1756 2240 Moses

321 2260 472 2293 dixerat.
521 2260 665 2292 minime
693 2270 776 2291 vero
802 2270 866 2291 nos
886 2269 991 2303 prave
1016 2258 1267 2298 sentiebamus,
1294 2257 1451 2296 Romani,
1469 2256 1582 2289 Servii
1608 2260 1645 2288 et
1669 2255 1755 2287 Bul·

321 2308 417 2351 gari,
445 2306 484 2339 id
512 2305 628 2352 quod,
660 2306 722 2351 qui
759 2317 822 2338 nos
851 2306 1115 2338 calumniantur
1141 2310 1177 2337 et
1197 2309 1372 2343 accusant,
1398 2303 1532 2336 dicunt.
1581 2313 1643 2335 vos
1670 2301 1806 2339 verosi

321 2354 402 2386 Itali
427 2365 473 2387 ne
491 2364 614 2386 secure
638 2352 759 2396 agatis,
779 2351 853 2393 sed,
878 2353 1052 2396 impositis
1070 2352 1204 2397 pectori
1226 2351 1409 2390 manibus,
1429 2349 1652 2382 meditamini
1675 2359 1755 2382 cum
1775 2361 1806 2389 ,ς

322 2401 461 2441 animo,
501 2406 540 2433 et
567 2399 728 2433 desistite
762 2409 826 2431 nos
853 2410 1028 2431 accusare.
1078 2398 1276 2431 Ismaelitae
1301 2403 1430 2438 autem,
1455 2397 1617 2429 homines
1641 2395 1756 2440 impii,

322 2447 401 2480 duri
431 2453 468 2480 et
490 2446 698 2487 inhumani,
723 2456 742 2478 e.
771 2445 958 2478 voluntate
983 2445 1041 2478 dei
1064 2446 1143 2490 pios
1168 2445 1342 2488 castigant
1365 2449 1402 2477 et
1423 2444 1592 2476 maiorem
1617 2446 1806 2487 parternr}

322 2494 418 2526 orbis
442 2500 615 2527 terrarum
655 2497 862 2537 occupatam
898 2498 1035 2525 tenent.
1084 2502 1193 2536 quare
1220 2503 1293 2524 non
1326 2491 1431 2524 decet
1457 2490 1502 2523 de
1530 2489 1585 2522 his
1610 2489 1806 2533 gloriaris:

321 2540 456 2582 Italos,
481 2551 556 2574 sese
582 2545 729 2585 propter
753 2539 934 2572 doctrinae
957 2539 1174 2584 probitatem
1206 2538 1318 2571 iustos
1343 2543 1380 2571 et
1403 2542 1543 2570 sanctos
1563 2546 1600 2568 se
1625 2536 1754 2581 appel·
1777 2570 1780 2575 ,
1805 2533 1806 2570 f

322 2586 397 2619 lare
423 2593 459 2620 et
483 2593 632 2632 propter
655 2585 902 2619 orthodoxiam
925 2591 961 2618 et
986 2586 1156 2618 iustitiam
1180 2584 1225 2616 ad
1251 2585 1344 2618 hunc
1367 2585 1460 2618 diem
1487 2593 1643 2627 regnare.
1783 2612 1785 2621 ‚

414 2634 510 2666 Haec
537 2633 644 2667 verba
660 2634 807 2666 minime
826 2633 983 2672 fecimus,
1006 2643 1088 2676 qun,
1115 2631 1212 2677 quod
1238 2631 1341 2672 absit,
1365 2641 1579 2677 quemquam
1607 2629 1753 2662 damne-

321 2690 398 2711 mus
425 2686 488 2713 ant
516 2690 738 2719 accusemus,
773 2678 836 2712 sed
861 2684 903 2712 ut
933 2678 1159 2711 ostendamus
1192 2679 1255 2718 iis,
1291 2679 1352 2724 qui
1389 2689 1454 2711 nos
1479 2676 1751 2716 calumniantur,
1805 2684 1806 2687 ’

321 2725 416 2759 haud
445 2726 557 2772 probe
587 2737 652 2760 nec
676 2732 770 2760 recte
795 2736 855 2759 eos
884 2726 1004 2760 literas
1037 2726 1249 2770 intelligere.
1312 2725 1397 2759 hinc
1418 2724 1513 2758 enim
1540 2723 1602 2766 fit,
1624 2728 1665 2756 ut
1687 2732 1752 2755 nos
1775 2739 1780 2748 ³
