1806 3190
241 1110 276 1143 ,ΙΙ

308 124 416 179 502
703 144 922 185 lOANle
967 143 1331 186 ANAGNosTAE

300 243 502 294 σανίδας,
528 238 703 296 ’ἑτέρους
746 245 1028 297 πεπλεγμέναις
1065 245 1246 292 α’σπίδας
1274 243 1319 285 ἐκ
1345 243 1557 296 πτόρθων,
1586 240 1742 291 πάντας

300 308 442 356 ἁπλιός
470 310 712 360 κομίζοντας
741 306 966 360 ἑλεπόλεις,
996 310 1068 350 καί
1098 309 1416 362 πεφραγμένους
1446 305 1502 356 ὥς
1529 306 1643 360 ἔθος,
1673 310 1745 349 καί

296 374 349 428 τῇ
379 375 452 427 τῆς
478 372 686 427 ἡμετέρας
708 374 918 421 α’πωλείας
938 377 1143 431 ἐπιθυμίᾳ
1165 369 1249 414 οἷον
1273 376 1643 427 βεβακχευμένους,
1672 374 1746 414 καί
1780 431 1782 434 Ι

299 437 505 491 ἀλλήλους
551 439 622 479 έπί
646 441 697 494 τῇ
724 439 900 495 ἡμετέρᾳ
934 442 1077 494 σφαγῇ
1107 437 1459 492 παροτρύνοντας.
1517 438 1667 480 αὐτίκα
1695 440 1742 479 δὲ

295 505 367 544 καί
393 502 534 557 ἡμεῖς,
563 503 620 552 ιὸς
649 505 847 559 ἐφικτόν,
879 507 1182 559 διανέστημεν,
1211 506 1283 546 καί
1327 502 1415 546 ὅλοι
1444 507 1522 546 τοῦ
1547 506 1780 557 πολεμεῖνό

294 568 556 623 γεγενήμεθα
582 569 655 611 καί
682 571 893 613 τεθνάναι.
964 573 1037 612 καί
1063 571 1182 612 τοῦτο
1208 573 1286 622 μὲν
1319 566 1496 623 ἄνδρες·
1551 576 1742 624 γυναῖκες

294 637 340 676 δὲ
371 636 443 675 καί
469 635 612 677 αύτιόν
632 638 715 677 τῶν
737 638 953 692 ἐπιφανῶν
981 637 1080 690 ἡμῖν
1098 637 1302 691 α’νδρικῶς
1321 635 1633 691 συνεφήπτοντο
1662 638 1742 677 τοῦ

293 703 491 753 πολέμου,
523 704 671 750 λίθους
704 697 778 759 ὅλῃ
801 705 925 758 ψυχῇ
951 701 1055 757 πρὸς
1088 699 1254 754 ἄμυναν
1281 704 1363 743 τῶν
1395 701 1595 744 ἐπιόντων
1622 704 1741 754 κομί-

294 767 455 817 ζουσαι.
511 766 664 808 πολλαὶ
699 769 744 810 δὲ
783 770 856 809 καί
883 763 945 809 ὅτι
973 773 1164 822 γυναῖκες
1209 764 1315 821 ἦσαν
1344 765 1659 820 ἑπιλαθόμεναι,
1685 765 1737 809 τά

293 832 376 872 τῶν
404 833 568 887 α’νδρῶν
609 834 920 883 ἐπεδείκνυντο,
960 832 1361 888 συμπαριστάμεναί
1393 849 1438 874 τε
1473 835 1634 882 τούτοις
1671 831 1742 875 καί
1757 850 1804 878 ιο

292 899 475 951 στερρῶς
517 902 604 940 κατ’
633 899 790 948 αὐτούς
819 899 1098 952 α’γωνίζεσθαι
1127 898 1485 952 προθυμούμεναι.
1555 901 1739 952 κεκίνητο

293 957 367 1003 οὖν
394 962 416 1017 ἧ
447 963 638 1017 στρατιά,
665 963 737 1005 καί
761 965 934 1005 τοσοῦτο
955 970 1038 1012 τοῖς
1064 967 1222 1017 τείχεσι
1242 966 1556 1017 προσεπέλασαν
1581 963 1638 1012 ὠς
1665 962 1742 1005 δύ-

293 1032 450 1070 νασθαι
477 1029 691 1078 κάκείνους
721 1031 867 1079 λίθους
896 1033 1076 1083 πέμπειν
1100 1029 1290 1071 κάτωθεν
1310 1032 1376 1086 ἐφ’
1406 1030 1516 1084 ἡμᾶς
1546 1036 1642 1071 ταῖν
1666 1045 1740 1083 χε-

296 1099 400 1148 ροῖν.
466 1091 540 1136 εἶτ’
582 1097 767 1137 ἐπίνοιαν
806 1094 846 1137 οἳ
888 1093 1083 1137 τοιούτων
1125 1097 1294 1148 ἐξεῦρον
1322 1094 1546 1150 στρατηγοί
1570 1098 1741 1144 ἐκείνοις

291 1162 370 1212 μὲν
396 1160 619 1214 α’νακωχήν
652 1160 835 1214 ἔχουσαν
866 1160 1037 1216 ἱκανήν,
1077 1162 1175 1216 ἡμῖν
1217 1163 1263 1203 δὲ
1307 1159 1433 1203 πόνον
1472 1163 1639 1216 διηνεκῆ
1669 1163 1742 1203 καί
1757 1167 1803 1210 15

291 1224 472 1278 πόλεμον
513 1226 816 1268 ἅδίοέπαυστον.
883 1229 1046 1281 πρῶτον
1085 1230 1163 1280 μὲν
1190 1227 1269 1281 γάρ
1301 1228 1388 1268 δεῖν
1414 1226 1608 1284 ᾠήθησαν
1634 1226 1740 1280 πρὸς

291 1290 362 1333 τὸν
385 1294 456 1346 τῆς
501 1292 657 1341 πόλεως
693 1290 855 1335 ἅπαντα
892 1293 1042 1335 κύκλον
1082 1294 1419 1347 διαγωνίζεσθαι,
1448 1295 1487 1335 εἰ
1514 1293 1588 1334 καί
1611 1291 1742 1342 πολύς

293 1354 344 1413 ἦν
373 1359 514 1408 αὐτοῖς
544 1358 565 1399 ὁ
599 1357 721 1407 πόνος
751 1360 957 1413 τοσαύτην
976 1361 1222 1414 διέρχεσθαι
1253 1359 1375 1400 πόλιν
1395 1360 1469 1401 καί
1493 1358 1591 1407 τοὺς
1621 1360 1742 1414 σφῶν

293 1423 399 1478 πρὸς
429 1423 472 1466 τὸ
517 1429 712 1477 πολεμεῖν
748 1427 945 1479 γενναίως
988 1426 1232 1478 δίανιστᾶν,
1273 1424 1318 1467 εἴ
1353 1430 1439 1466 ποτ’
1483 1422 1704 1466 ὄκλιίσειαν
1726 1440 1738 1453 ·

1521 1487 1539 1503 r!
1590 1495 1599 1511 5
1636 1489 1654 1502 11

293 1487 435 1531 ἔπειτα
481 1492 527 1533 δὲ
557 1492 766 1546 διέκριναν
797 1493 856 1540 εἰς
897 1491 1049 1546 μοίρας
1079 1488 1190 1532 ἅπαν
1229 1490 1275 1533 τὸ
1305 1493 1475 1545 πλῆθος,
1503 1506 1584 1532 ωστ
1627 1506 1806 1543 εχειναο

1177 1559 1196 1568 u

292 1555 495 1611 ἀλλήλους
539 1556 816 1598 διαναπαύειν
861 1559 938 1599 τοῦ
978 1554 1108 1598 κόπου
1146 1574 1192 1614 τῃ
1222 1559 1288 1611 {150³
1327 1556 1518 1611 οἷλλὴλων
1546 1558 1740 1612 διαδοχῇ.

294 1623 367 1662 καί
390 1621 479 1663 τότε
513 1621 562 1677 δι’]
595 1624 855 1676 προσέταξαν
880 1623 926 1664 τὸ
957 1629 1042 1664 κατ’
1072 1622 1279 1672 α’νατολοὶς
1306 1619 1419 1664 ἅπαν
1435 1625 1563 1676 μέρος
1592 1622 1666 1663 καί
1689 1622 1737 1663 τὸ

294 1686 400 1740 πρὸς
430 1685 553 1729 δύσιν
596 1692 837 1743 περιλαβεῖν
874 1688 956 1730 ‹ini›
995 1691 1066 1744 τῆς
1107 1689 1373 1743 α’κροπόλεως
1414 1683 1577 1730 ἄνωθεν
1613 1682 1741 1741 ἄχρις

295 1753 425 1808 αὐτῆς
451 1755 524 1809 τῆς
542 1753 774 1810 θαλάσσης.
808 1754 1115 1810 εύαλωτότερον
1135 1756 1180 1797 δὲ
1211 1753 1256 1797 τὸ
1277 1758 1366 1796 κατ’
1384 1753 1588 1803 ἀνατολάς
1616 1753 1740 1796 ἐθεά-

295 1914 522 1955 bacchantes,
545 1926 580 1948 se
609 1916 760 1949 invicem
782 1917 827 1949 ad
855 1917 993 1951 cladem
1019 1923 1175 1951 nostram
1195 1918 1361 1951 excitare.
1411 1916 1536 1950 eodem
1561 1919 1741 1948 momento

296 1973 360 1995 nos
387 1973 546 2006 quoque,
575 1963 627 1995 uti
650 1964 923 2004 concedebatur,
953 1965 1177 2009 assurgimus,
1204 1970 1240 1998 et
1263 1964 1399 1997 bellum
1424 1975 1464 1996 ac
1489 1968 1637 1995 mortem
1664 1962 1741 1994 ala-

296 2008 414 2041 cribus
441 2009 566 2042 animis
591 2011 799 2055 excipimus.
850 2018 886 2044 et
913 2011 981 2045 hoc
1010 2013 1155 2056 quidem
1187 2012 1267 2044 viri.
1294 2017 1331 2044 at
1355 2011 1534 2050 mulieres,
1559 2010 1666 2042 etiam
1694 2008 1740 2041 de

295 2067 432 2088 summo
459 2055 537 2089 loeo
561 2068 769 2102 summoque
796 2069 944 2101 genere,
984 2060 1137 2092 viriliter
1164 2064 1303 2092 mutuas
1328 2069 1453 2102 operas
1479 2055 1630 2095 tradere,
1656 2066 1740 2088 saxa

294 2102 380 2136 totis
405 2103 532 2135 animis
556 2103 600 2135 ad
627 2103 882 2148 depellendum
923 2105 1089 2139 hostilem
1119 2106 1292 2150 impetum
1327 2105 1484 2147 deferre,
1532 2103 1739 2147 multaeque
1796 2135 1799 2139 ,

293 2161 379 2182 suae
402 2149 624 2183 condicionis
658 2151 792 2183 oblitae
826 2153 942 2184 virilia
968 2164 1095 2197 opera,
1122 2152 1327 2185 adsidentes
1364 2151 1468 2191 viris,
1507 2150 1739 2193 robusteque,

291 2196 441 2242 perinde
467 2202 574 2241 atque
599 2197 654 2229 illi
692 2198 938 2243 depraeliandi
974 2200 1132 2241 alacres,
1157 2210 1338 2243 aggressae
1364 2203 1461 2231 sunt.
1510 2203 1627 2230 motae
1655 2200 1740 2229 sunt

291 2244 436 2287 copiae,
461 2249 673 2289 tantumque
699 2246 745 2278 ad
782 2257 902 2278 muros
926 2248 1260 2292 appropinquarunt
1292 2252 1331 2278 ut
1355 2249 1501 2290 possent
1524 2248 1560 2276 et
1582 2243 1668 2276 illae
1694 2253 1738 2275 ex

291 2291 462 2323 inferiore
493 2291 571 2323 loco
607 2303 691 2323 saxa
727 2292 891 2325 manibus
932 2294 969 2325 iu
1010 2305 1074 2326 nos
1104 2294 1324 2338 intorquere.
1375 2298 1449 2324 tum
1484 2301 1605 2323 eorum
1629 2290 1738 2323 duces

291 2337 436 2370 modum
465 2340 716 2382 excogitarunt
732 2351 802 2385 quo
829 2339 901 2372 illis
928 2341 1125 2385 requietem
1145 2340 1288 2372 abunde
1311 2341 1491 2378 afferrent,
1518 2336 1624 2370 nobis
1655 2347 1738 2368 vero

291 2384 451 2416 laborem
472 2384 664 2425 assiduum,
697 2391 733 2419 et
758 2397 939 2431 nunquam
966 2387 1206 2420 intermissum
1224 2386 1439 2419 conflictum.
1469 2385 1618 2429 primum
1642 2383 1738 2415 enim

292 2431 490 2464 decernunt
517 2433 720 2466 necessario
757 2444 896 2465 onmem
924 2433 1020 2466 urbis
1061 2435 1235 2467 ambitum
1271 2433 1377 2465 simul
1405 2442 1629 2476 oppugnare,
1653 2430 1740 2462 licet

290 2489 435 2522 magnus
464 2478 566 2511 labor
589 2479 665 2512 illis
690 2485 784 2512 esset
809 2480 1055 2524 suscipiendus
1081 2487 1213 2514 tantam
1239 2480 1363 2513 urbem
1391 2476 1677 2523 percurrentibus
1702 2481 1739 2509 et

291 2537 374 2558 suos
399 2525 444 2557 ad
469 2526 644 2570 praelium
669 2527 827 2559 animose
853 2527 1115 2569 excitantibus,
1140 2529 1167 2561 si
1193 2527 1336 2572 quaudo
1371 2525 1606 2565 defecissent,
1632 2522 1737 2555 deiu-

290 2583 371 2615 ceps
402 2573 600 2606 universam
633 2573 901 2606 multitudinem
938 2575 975 2606 in
1014 2581 1131 2618 partes
1171 2573 1355 2613 dividere,
1392 2578 1431 2605 ut
1454 2572 1566 2604 altera
1592 2569 1737 2602 alterius
1795 2615 1797 2618 Α

290 2619 450 2651 laborem
472 2624 595 2652 mutua
620 2620 866 2655 vicissitudine
891 2621 1116 2654 diminueret.
1143 2627 1216 2654 tum
1236 2621 1376 2653 demum
1402 2620 1580 2652 iusserunt
1598 2621 1736 2662 partem
1792 2624 1798 2644 (

289 2666 501 2698 orientalem
526 2677 668 2699 omnem
694 2673 730 2700 et
753 2668 1011 2701 occidentalem
1035 2668 1080 2700 ab
1108 2679 1187 2701 arce
1215 2668 1409 2700 excelsiore
1430 2666 1475 2698 ad
1501 2675 1595 2697 mare
1621 2665 1737 2708 ipsum
1791 2671 1794 2675 ’

288 2713 570 2748 circumvallare.
629 2724 709 2748 cum
744 2726 827 2748 vero
869 2722 975 2761 captu
1011 2715 1207 2748 faciliorem
1245 2714 1457 2748 orientalem
1486 2711 1733 2757 agnovissent,
