1806 3190
337 139 448 205 334
749 155 977 198 GEORGn
1018 154 1337 198 PHRANTzAE

335 259 545 312 γελίξομαι
596 256 697 309 ὑμῖν
738 255 806 295 ἵνα
858 253 1082 308 γινώσκητε
1125 252 1188 296 ὅτι
1225 259 1315 307 μετ’
1352 256 1425 309 ἐμὲ
1451 239 1592 308 μέλλει
1629 258 1768 301 ε’λθεῖν

337 323 358 364 ὃ
398 320 624 371 α’πόστολος
662 319 735 361 καί
761 317 976 375 προφήτης
1005 321 1224 372 Μωοὲμεθ.
1288 321 1334 362 τὸ
1364 323 1465 364 αὕτό
1497 325 1585 364 ἐστι
1613 322 1686 364 καί
1708 326 1770 373 εἰς

333 387 378 431 τὸ
420 390 495 430 τοῦ
523 386 746 434 Μωῦσέως
771 383 960 427 παλαιόν.
1029 386 1066 427 οἱ
1099 388 1144 428 δὲ
1187 389 1439 441 Χριστιανοὶ
1491 386 1770 444 φθονήσαντες

334 455 527 507 ἐξέβαλον
555 450 660 493 αὐτὸ
688 449 769 492 α’πό
800 453 878 493 τοῦ
903 452 1163 505 εὐαγγελίου.
1219 454 1292 494 καί
1316 449 1379 494 ὅτι
1403 452 1459 508 ,αὴ
1488 453 1612 506 μόνον
1637 455 1698 503 εἰς
1722 452 1770 497 τὸ

333 518 570 572 εὐαγγέλιον
608 518 679 558 καί
717 515 761 558 ἐν
788 519 843 574 τῷ
868 520 1031 574 παλαιῷ
1069 517 1284 571 εὑρίσκετο
1312 521 1594 572 γεγραμμένον
1617 517 1662 561 τὸ
1692 519 1799 567 τοῦε

334 584 539 635 Μωαμεθ
564 577 712 636 ὄνομα,
741 581 846 624 α’λλὰ
872 585 946 624 καί
981 585 1026 625 ἐν
1053 589 1140 632 τοῖς
1169 585 1320 634 δεξιοῖς
1344 586 1488 637 μέρεσι
1513 587 1586 626 τοῦ
1613 583 1766 639 θρόνου
1805 590 1806 623 1

331 652 408 691 τοῦ
434 650 540 690 θεοῦ
566 648 800 704 εὑρίσκεται
827 650 1120 702 γεγραμμένον.
1177 651 1250 690 καί
1287 645 1348 690 ὅτι
1376 647 1400 704 ἦ
1429 651 1512 691 τῶν
1539 653 1769 692 Μουσουλ-
1805 629 1806 678 i

328 713 472 767 μα’νων
500 716 636 763 πίστις
666 712 746 755 α’πὸ
775 715 852 755 τοῦ
870 713 1067 768 ζΛβραάμ
1098 714 1351 768 εὑρίσκεται,
1382 715 1454 756 καί
1469 712 1529 757 ὅτι
1553 714 1768 769 παραβάν·
1805 731 1806 747 ³

315 796 394 829 ’τες
421 779 457 822 οἱ
488 782 742 834 Χριστιανοὶ
766 778 837 821 τὸν
862 782 938 821 τοῦ
968 782 1190 829 Μωϋσέως
1218 778 1345 832 νόμον
1372 778 1478 822 εἰσὶν
1505 776 1614 831 ἄξιοι
1640 796 1766 835 κατη-
1805 770 1806 782 ¹

328 848 470 901 γορίας
513 845 585 886 καί
609 847 834 898 μέμψεως,
858 848 1135 900 κατηγοροῦσι
1177 846 1223 888 δὲ
1266 845 1364 902 τους
1402 847 1806 899 Μουσουλμάνουςι(

326 910 423 960 τούς
450 913 593 962 α’ξίους
621 912 793 952 ἐπαίνου
823 912 896 951 καί
921 913 1053 964 τιμῆς.

442 976 581 1018 Ταῦτά
609 978 714 1018 εἰσιν
745 973 865 1018 ἅτινα
894 975 1008 1029 παρὰ
1037 979 1120 1018 τῶν
1137 975 1484 1028 Μουσουλμὰνων
1512 974 1764 1033 κατηγορούσ-

323 1046 437 1095 μεθα
467 1041 505 1083 οἱ
540 1043 798 1096 Χριστιανοί.
856 1039 1177 1095 ἀπολογούμεθα
1216 1044 1263 1083 δὲ
1299 1039 1454 1096 οὕτως,
1487 1039 1550 1084 ὅτι
1571 1042 1672 1092 θεὸς
1700 1044 1764 1085 ε’ν-

324 1106 422 1161 δεὴς
449 1108 522 1148 καί
546 1108 694 1161 χρείαν
724 1106 836 1155 τινὸς
862 1105 970 1159 ἔχων
999 1109 1075 1147 ουίι
1103 1106 1192 1149 ἔστι
1220 1107 1329 1157 θεός.
1389 1108 1410 1148 ὁ
1439 1106 1608 1163 ποιητὴς
1631 1110 1763 1161 ου’ρα-

322 1174 399 1214 νοῦ
423 1188 467 1213 τε
494 1175 565 1213 καί
589 1174 665 1226 γῆς
693 1172 764 1213 καί
790 1170 950 1213 πάντων
991 1176 1073 1214 τῶν
1101 1174 1492 1228 δημιουργηθέντων
1521 1175 1565 1215 ἐν
1595 1175 1760 1226 αιῖτοῖς,
1781 1195 1806 1220 11

322 1238 344 1281 ὁ
374 1239 547 1293 ποιήσας
567 1237 662 1286 τούς
681 1239 879 1293 ἀγγέλους
897 1242 969 1280 καί
986 1237 1082 1287 τούς
1104 1238 1371 1292 ἀνθρώπους,
1393 1241 1540 1294 χρείαν
1559 1237 1763 1288 τινὸς-οὐκ

321 1301 448 1358 εἶχεν,
469 1303 572 1345 α’λλά
590 1303 659 1345 διὰ
680 1305 813 1358 μόνην
833 1303 1069 1359 ιῖγαθότητα
1090 1306 1162 1345 καί
1175 1307 1346 1359 θέλησιν
1363 1306 1529 1358 ἐποίησε
1544 1304 1596 1346 τοὶ
1614 1301 1762 1346 πάντα.

321 1373 414 1412 ἐπεί
438 1373 539 1424 γοῦν
563 1371 685 1412 τοῦτο
704 1366 834 1418 οὕτως
863 1368 952 1423 ἔχει
981 1373 1051 1411 καί
1078 1371 1215 1418 ου’δείς
1234 1373 1350 1412 ἐστιν
1377 1369 1398 1410 ὅ
1427 1371 1658 1423 ἀντιλέγων,
1687 1386 1762 1411 κα-

321 1438 402 1486 κῶς
430 1432 514 1490 ἄρα
541 1437 770 1491 ἐφθέγξατο
804 1435 827 1476 ὅ
848 1435 1055 1488 Μωαμεθ
1082 1435 1138 1483 ὥς
1168 1437 1297 1490 δῆθεν
1325 1433 1414 1477 εἶπε
1441 1434 1546 1490 πρὸς
1579 1433 1708 1477 αὐτὸν
1738 1434 1763 1476 ὅ

319 1500 416 1551 θεὸς
446 1500 512 1544 ὅτι
544 1500 593 1544 τά
624 1500 760 1543 πάντα
803 1503 978 1556 ἐποίησα
1007 1500 1077 1542 διὰ
1108 1502 1181 1553 σέ,
1219 1504 1291 1542 καί
1316 1504 1363 1543 σὲ
1391 1503 1445 1542 δι’
1475 1503 1574 1553 ε’μέ·
1630 1500 1653 1542 ὅ
1679 1499 1806 1556 γάρῳ(

319 1567 419 1617 θεὸς
439 1570 587 1622 χρείαν
625 1566 740 1615 τινὸς
781 1568 856 1607 ov'n
885 1566 984 1620 ἔχει.
1059 1564 1123 1608 ὅτι
1165 1569 1210 1608 δὲ
1245 1567 1269 1621 ἦ
1298 1570 1380 1608 τῶν
1408 1565 1760 1619 Μουσουλμάνων

317 1636 459 1682 πίστις
490 1635 565 1674 οὔκ
592 1628 643 1687 ἦν
670 1631 751 1674 α’πὸ
778 1635 855 1674 τοῦ
875 1633 1069 1686 ζΑβραιῖᾳι
1099 1632 1154 1681 ὥς
1183 1632 1205 1673 ὅ
1228 1634 1427 1684 ΠἸωάμεθ
1449 1635 1583 1686 λέγει,
1615 1630 1660 1682 ἐξ
1681 1632 1759 1674 αὕ-

317 1701 392 1741 τοῦ
419 1701 492 1741 τοῦ
519 1698 726 1750 ,Μωοίμεθ
751 1697 840 1752 ἔχει
869 1699 941 1740 τὸν
969 1697 1160 1752 ἔλεγχον·
1235 1697 1365 1747 αὐτὸς
1393 1697 1469 1754 γάρ
1500 1700 1611 1740 ἐστιν
1634 1696 1655 1739 ὃ
1680 1697 1758 1752 ιῖρ-

316 1764 446 1821 χηγός
489 1767 562 1806 καί
586 1766 808 1819 νομοθέτης
847 1766 929 1806 ταῖν
972 1765 1167 1806 τοιούτων
1209 1762 1439 1818 δογμάτων.
1504 1765 1544 1806 εἰ
1570 1765 1617 1806 δέ
1645 1764 1759 1805 ἐστιν

410 1866 443 1888 2.
470 1856 522 1894 εἰς
545 1849 608 1896 τὴν
630 1874 677 1879 -
700 1852 871 1890 παλαιάν
893 1854 920 1887 Ρ

318 1934 426 1967 fuisse
450 1933 488 1966 in
509 1933 706 1977 evangelio,
732 1933 873 1967 Christo
898 1933 1039 1966 Iudaeis
1058 1932 1199 1966 dicente
1221 1932 1468 1977 “evangelium
1493 1931 1596 1965 vobis
1619 1931 1753 1976 imper-

316 1981 382 2020 tio,
410 1992 480 2025 quo
508 1981 739 2024 cognoscatis,
765 1986 847 2025 post
871 1992 927 2013 me
951 1985 1139 2013 venturum
1159 1991 1233 2013 esse
1259 1980 1457 2025 apostolum
1483 1984 1519 2012 et
1542 1977 1754 2025 prophetam

317 2025 606 2068 Mohameten13'’
628 2027 722 2060 idem
750 2027 787 2059 in
811 2027 943 2070 Moysis
980 2027 1125 2060 vetustis
1150 2027 1250 2059 libris
1288 2027 1421 2069 fuisse3
1450 2025 1512 2059 sed
1539 2025 1754 2058 Christianos

317 2074 454 2107 invidia
481 2078 674 2109 commotos
700 2073 848 2107 eiecisse
873 2073 910 2106 id
936 2084 980 2106 ex
1002 2074 1197 2117 evangelio.
1234 2084 1300 2106 nec
1325 2085 1406 2106 vero
1431 2073 1470 2106 in
1494 2073 1570 2105 solo
1600 2082 1755 2115 evange-

317 2122 368 2153 lio
395 2127 431 2154 et
445 2120 601 2154 -vetustis
636 2120 738 2153 libris
774 2121 884 2153 fuisse
909 2120 1121 2153 Mohametis
1156 2131 1310 2160 nomen,
1347 2119 1409 2152 sed
1437 2119 1543 2152 etiam
1569 2119 1606 2151 in
1630 2118 1754 2151 dextra

316 2173 418 2213 parte
455 2167 576 2200 throni
610 2165 668 2200 dei
703 2167 872 2211 scriptum
905 2178 992 2199 esse.
1044 2166 1174 2200 deinde
1206 2167 1510 2200 Musulmanorum
1546 2165 1754 2209 religionem

317 2214 434 2259 repeti
459 2214 504 2246 ab
528 2213 741 2254 Abraham0‚
768 2219 804 2246 et
820 2214 1051 2254 Christianos,
1071 2215 1131 2259 qui
1151 2214 1263 2257 legem
1278 2213 1412 2255 Moysis
1437 2213 1630 2256 negligant,
1655 2212 1752 2256 ipsos

318 2261 545 2294 accusatione
585 2266 622 2293 et
655 2259 931 2306 reprehensione
965 2260 1088 2305 dignos
1115 2271 1210 2300 esse,
1244 2271 1351 2305 quum
1379 2260 1624 2292 Musulmanos
1646 2257 1753 2291 laude

318 2314 355 2342 et
381 2309 518 2342 honore
544 2306 670 2351 dignos
696 2307 935 2340 criminentur.

437 2355 534 2387 Haec
560 2360 666 2395 sunt,
692 2365 783 2399 quae
807 2365 826 2386 a
851 2353 1084 2386 Musulmanis
1110 2352 1213 2386 nobis
1250 2352 1509 2397 exprobrantur
1531 2350 1754 2385 Christianis.

317 2412 408 2447 quae
433 2401 484 2434 ita
510 2401 727 2441 refutamus,
766 2406 807 2434 ut
838 2400 868 2432 si
902 2400 1010 2432 ullius
1037 2401 1086 2433 rei
1111 2411 1216 2443 egens
1248 2405 1284 2432 et
1305 2399 1447 2443 indigus
1471 2399 1558 2431 deus
1586 2399 1643 2439 sit,
1671 2409 1751 2431 eum
1805 2407 1806 2420 ³

315 2460 388 2481 non
415 2459 492 2481 esse
516 2447 622 2480 deum
651 2448 817 2480 dieamus.
843 2446 1034 2479 fabricator
1058 2447 1150 2480 coeli
1176 2452 1213 2479 et
1235 2452 1350 2479 terrae
1379 2451 1415 2478 et
1440 2457 1554 2479 rerum
1582 2445 1752 2485 omnium,

317 2506 409 2539 quae
433 2496 470 2528 in
496 2494 621 2527 iisdem
660 2495 773 2527 factae
797 2499 904 2534 sunt,
929 2499 966 2526 et
988 2494 1048 2538 qui
1083 2493 1226 2537 angelos
1252 2498 1289 2525 et
1313 2492 1475 2526 homines
1502 2493 1644 2532 creavit,
1668 2491 1753 2524 nul-
1805 2523 1806 2526 ,

315 2542 383 2574 lius
417 2542 469 2574 rei
502 2541 666 2586 indigens
703 2546 797 2581 erat,
832 2539 895 2572 sed
928 2550 970 2572 ex
997 2541 1072 2572 sola
1106 2540 1328 2583 benignitate
1358 2545 1394 2572 et
1415 2539 1601 2572 voluntate
1626 2542 1752 2571 cuncta

316 2587 411 2620 fecit.
460 2588 589 2633 quodsi
618 2588 686 2620 hoc
709 2588 759 2620 ita
785 2592 848 2628 est,
874 2597 940 2619 nec
965 2587 1151 2632 quisquam
1178 2591 1299 2619 contra
1325 2586 1422 2626 dicit,
1444 2586 1537 2618 male
1563 2584 1747 2618 Mohame-

314 2640 368 2666 tes
392 2634 584 2675 affirmavit,
610 2634 714 2667 deum
739 2633 807 2668 sibi
829 2633 959 2666 dixisse
980 2632 1131 2666 “cuncta
1156 2638 1307 2678 propter
1334 2638 1367 2666 te
1397 2632 1464 2665 feci
1491 2638 1527 2665 et
1548 2637 1584 2664 te
1606 2636 1753 2676 propter

314 2678 404 2712 me.''
451 2682 584 2727 quippe
607 2682 742 2714 nullius
766 2681 816 2713 rei
843 2680 930 2714 deus
957 2685 1047 2724 eget.
1070 2680 1375 2713 Musulmanorum
1401 2679 1609 2723 religionem
1634 2683 1751 2711 autem

315 2738 388 2760 non
415 2727 458 2759 ab
477 2728 674 2761 Abrahamo
703 2726 931 2773 repev'endam
957 2738 1043 2768 esse,
1069 2732 1109 2760 ut
1126 2726 1346 2760 Mohametes
1372 2726 1472 2768 dicit,
1501 2736 1543 2759 ex
1569 2725 1646 2770 ipso
1672 2724 1751 2757 Mo-
