1806 3190
595 181 690 220 Lm.
719 182 771 219 n.
812 179 928 221 CAP.
956 180 1045 219 xu.
1437 178 1453 213 ι
1472 158 1540 234 73

108 283 174 330 ὅτι
214 284 289 339 τὴν
327 280 455 334 αὐτὴν
497 282 636 336 ἐκείνῳ
682 281 849 333 πληρῶν
891 279 1087 332 ἐτύγχανε
1119 276 1349 318 διακονίαν·
1405 272 1543 333 ὥσπερ

109 351 188 406 γὰρ
217 352 369 397 ἐκεῖνος
391 346 626 402 πρόδρομος
665 343 783 386 ἔσται
810 345 882 398 τῆς
914 345 1114 398 δευτέρας
1145 344 1402 396 παρουσίας,
1433 341 1543 384 οὕτω

108 415 182 458 καί
208 410 428 466 οὗτοςτῆς
461 413 668 466 προτέρας
707 410 881 461 ἐγένετο.
949 410 999 450 οὐ
1030 408 1144 463 παρυὶ
1173 409 1294 451 τοῦτο
1323 409 1369 451 δὲ
1395 408 1545 463 μόνον,

109 484 198 526 ἀλλ’
227 478 292 523 ὅτι
321 479 392 520 καὶ
429 481 521 531 βίον
554 474 696 532 μετῄει
735 473 948 529 κατάκρας
983 477 1042 532 τῷ
1070 476 1226 516 ἐκείνου
1252 475 1544 528 συμβαίνοντα.

73 549 199 596 5ἅλλ’
230 547 268 588 οἱ
296 547 379 598 μὲν>
401 544 615 598 προφῆται
657 541 729 581 καί
754 541 1005 595 ἀμφοτέρων
1029 541 1258 595 μέμνηνται
1286 538 1442 582 τούτων
1475 543 1548 582 καί

105 614 204 663 τούς
230 610 545 666 προωδευκότας
573 605 768 660 ἑκατέρας
788 607 1085 660 κηρύττουσιν·
1143 605 1266 658 ὑμεῖς
1293 608 1339 648 δὲ
1368 605 1451 661 τήν
1468 610 1547 660 μὲν

106 681 309 734 προτέραν
346 677 441 732 σιγῇ
479 673 717 726 κακούργως
755 675 1048 725 παρέρχεσθε,
1089 670 1173 724 εἴγε
1212 674 1285 713 καί
1309 675 1365 728 τῷ
1394 675 1449 730 νῷ
1474 675 1548 727 τῆς

105 747 272 802 γραφῆς
299 742 486 795 ἀτεχνῶς
514 739 779 791 ἐπιβάλλετε,
821 739 892 792 τῆς
923 739 970 778 δὲ
998 739 1200 790 δευτέρας
1224 739 1438 792 μέμνησθε
1467 737 1548 791 μό»

106 828 202 867 νης,
233 807 282 865 ἧς
312 809 333 850 ὁ
371 808 576 860 Θεσβίτης
599 805 904 859 προδραμεῖται
932 804 1096 851 πάντως
1115 802 1276 851 ζΗλίας.
1333 803 1436 845 dmi
1462 802 1543 860 γάρ

18 881 178 927 ‘maai
199 878 280 919 τῶν
326 874 526 927 χρησμῶν
560 871 702 912 αὐτῶν
730 868 1021 923 α’κουσαίμεθα.
1088 865 1109 909 ὃ
1139 871 1359 917 θεσπέσιος
1386 873 1545 912 ,Μαλα-

104 947 204 998 χίας
234 941 310 995 ’τὴν
338 942 414 982 τοῦ
443 941 626 991 σωτῆρος
645 938 870 991 βουληθείς
898 933 1134 990 παρουσίαν
1163 934 1356 988 διδάξαι,
1388 937 1461 977 καί
1488 936 1545 986 ὥς

103 1007 193 1063 ἥξει
237 1010 308 1062 τῆς
346 1004 510 1052 δικαίας
543 999 858 1051 α’νταποδόσεως
902 999 924 1042 ὃ
964 1000 1131 1056 καιρός,
1177 1003 1339 1055 πρῶτος
1366 1003 1443 1054 μὲν
1469 1003 1545 1057 τὴν

103 1076 307 1129 προτέραν
337 1067 584 1126 ἐπιφάνειάν
613 1083 687 1110 του
718 1070 988 1122 προθεσπίζει
1015 1066 1086 1108 καί
1126 1068 1306 1110 δείκνυσι
1337 1066 1412 1108 τὸν
1437 1069 1539 1120 μετὰ

98 1140 291 1194 Ἰωάννην
319 1136 389 1180 τὸν
408 1135 637 1190 βαπτιστήν
658 1136 812 1187 ἐκείνης
837 1131 1157 1188 προηγούμενον,
1180 1132 1298 1175 ζἰδοὺ
1326 1132 1407 1188 γὰρ
1439 1133 1542 1188 ε’γιὸ’

38 1212 90 1254 ῗῂ5
103 1210 231 1261 λέγων
253 1204 541 1255 εἐξαποστελῶ
571 1201 643 1243 τὸν
688 1197 856 1254 ἄγγελόν
881 1215 963 1253 μου
997 1199 1077 1254 πρὸ
1109 1201 1334 1255 προσώπου
1365 1216 1468 1252 σου,
1499 1199 1543 1251 ὃς

101 1270 399 1314 κατασκευάσει
446 1267 519 1322 τήν
559 1265 650 1309 ὁδόν
678 1282 755 1308 σου
787 1266 1023 1320 ε’]ιιπροσθέν
1053 1281 1128 1308 σου
1171 1267 1242 1307 κατ’
1270 1267 1543 1320 ἐπιβλέψει-αι

100 1337 200 1381 ὁδὸν
226 1335 305 1392 πρὸ
347 1333 570 1388 προσώπου
600 1349 704 1376 σου·
785 1332 858 1374 καί
884 1330 1082 1387 ἐξαίφνης
1120 1330 1210 1386 ἥξει
1246 1333 1305 1382 εἷς
1342 1331 1414 1374 τὸν
1442 1331 1542 1376 ναὸν

102 1405 239 1447 αὐτοῦ
263 1401 427 1457 κύριος’
459 1399 625 1442 πάντων
643 1401 723 1453 γάρ
756 1397 1005 1453 ἀγνοούντων
1032 1397 1054 1439 ὅ
1084 1398 1285 1453 σωτήριος
1311 1396 1426 1446 τόκος
1449 1401 1541 1452 ἐγέ-

97 1485 210 1512 νετο·
266 1466 367 1510 ναὸν
397 1466 476 1521 γὰρ
507 1465 583 1520 τὴν
611 1465 878 1520 ἀνθρωπείαν
916 1461 1106 1517 ω’νόμασε
1136 1462 1284 1520 φύσιν,
1313 1464 1362 1519 ἢν
1391 1464 1413 1506 ὁ
1442 1464 1539 1514 θεὸς

28 1527 215 1590 ἀολόγος
242 1534 429 1587 ἀνέλαβε.
487 1531 591 1586 πρὸς
623 1533 669 1573 δὲ
699 1533 748 1587 τῇ
781 1532 962 1588 προτέρᾳ
989 1532 1062 1571 καί
1090 1528 1164 1584 τὴν
1194 1532 1393 1586 δευτέραν
1420 1529 1537 1573 ἕλευ-

96 1619 164 1645 σιν
189 1599 450 1656 ὑπογράφει·
515 1596 634 1640 Ἱδού
663 1595 834 1650 ἔρχεται
861 1597 1003 1651 κύριος
1032 1595 1348 1651 παντοκράτωρ,
1378 1598 1450 1638 καί
1475 1599 1538 1646 τίς

94 1667 299 1721 ὑπομενεῖ
341 1665 502 1721 ἡμέραν
542 1661 702 1706 εἰσόδου
748 1662 903 1715 αὐτοῦ,
949 1658 979 1716 ἢ
1005 1663 1068 1712 τίς
1109 1660 1389 1716 ὑποστήσεται
1416 1664 1461 1705 ἐν
1485 1664 1537 1720 τῇ

189 1786 220 1818 7.
248 1775 455 1819 παρέχεσθε
471 1771 509 1804 Μ
628 1769 677 1802 15.
704 1770 800 1815 λέγει
820 1766 1007 1804 ἀποστελῶ
1024 1768 1047 1801 Ρ
1190 1765 1230 1808 ὃς
1253 1789 1298 1795 —
1322 1770 1535 1816 ἔμπροσθέν

189 1831 256 1856 σου
283 1832 340 1854 om
365 1820 389 1852 P
492 1820 542 1852 16.
570 1817 821 1863 ἑπιβλέψωσιν
845 1816 870 1849 Ρ

97 1911 256 1955 angelica
283 1911 354 1943 vita
382 1907 637 1955 propemodum
666 1912 827 1940 certaret.
853 1912 960 1953 atque
978 1906 1073 1940 huuc
1090 1918 1235 1953 quoque
1253 1906 1410 1941 Christus
1422 1908 1534 1943 Elium

93 1959 299 2004 appellavit,
336 1968 410 1990 non
435 1955 531 2002 quod
560 1955 654 1987 Elias
681 1960 785 1994 esset,
818 1954 882 1986 sed
906 1953 1005 1999 quod
1033 1953 1157 1987 eodem
1184 1955 1380 1988 ministerio
1406 1956 1535 2000 funge-

91 2005 208 2046 batur,
230 2016 300 2050 quo
326 2004 389 2037 ille
421 2004 598 2047 fungetur.
637 2002 727 2034 sicut
752 2001 846 2034 enim
865 2001 956 2034 alter
980 2000 1171 2034 adventum
1210 2002 1403 2034 secundum
1429 2009 1534 2035 ante-

94 2052 210 2093 cedet,
237 2053 285 2084 sic
311 2051 401 2084 alter
435 2051 588 2095 priorem
622 2049 822 2082 antecessit.
862 2057 928 2080 nec
953 2047 998 2080 ob
1032 2060 1139 2081 unam
1175 2049 1278 2082 istam
1315 2059 1453 2082 causam
1483 2051 1534 2083 ita

94 2111 174 2133 eum
203 2098 408 2144 appellavit,
433 2098 495 2130 sed
513 2097 631 2135 etiam,
660 2096 746 2140 quia
770 2095 877 2128 vitam
904 2094 1045 2129 colebat
1072 2096 1169 2128 illius
1193 2096 1286 2129 vitae
1314 2107 1456 2141 prorsus
1485 2097 1534 2129 si..

92 2147 224 2180 milem.
252 2144 447 2191 prophetae
472 2144 582 2188 igitur
615 2148 805 2187 utrumque
839 2141 1030 2175 adventum
1063 2149 1261 2176 memorant
1285 2149 1319 2176 et
1344 2144 1532 2189 utriusque

93 2193 300 2240 praedicant
329 2202 607 2237 praecursorem3
643 2195 680 2223 at
704 2201 767 2224 vos
800 2189 952 2234 priorem
979 2188 1122 2235 quidem
1148 2189 1337 2223 adventum
1362 2191 1532 2236 nequiter

93 2240 239 2274 silentio
264 2238 486 2284 praeteritis,
514 2237 690 2285 siquidem
715 2247 855 2269 sensum
892 2236 1085 2280 scripturae
1108 2236 1204 2270 haud
1231 2236 1343 2270 dubie
1366 2238 1528 2283 assequi-

92 2288 197 2328 mini3
223 2298 263 2319 ac
287 2286 401 2319 solum
435 2285 665 2328 posteriorem
696 2284 989 2324 commemoratis,
1028 2283 1085 2316 cui
1110 2285 1255 2317 omnino
1280 2295 1528 2328 praecursurus

92 2340 147 2367 est
173 2333 362 2366 Thesbites
391 2332 496 2364 Elias.
517 2331 665 2364 atenim
691 2330 872 2363 audianum
897 2330 971 2375 ipsa
1000 2331 1153 2364 oracula.
1173 2331 1310 2363 divinus
1335 2331 1528 2365 Malachias

92 2381 137 2414 (le
174 2381 348 2413 salvatore
372 2381 522 2412 ass'uturo
550 2389 614 2411 nos
634 2377 760 2410 docere
783 2377 917 2417 volens,
946 2382 983 2410 et
1008 2378 1115 2422 quale
1138 2379 1293 2410 futurum
1318 2379 1362 2411 sit
1388 2383 1528 2424 tempus

91 2429 204 2461 iustae
230 2425 540 2471 compensationis,
565 2426 716 2470 primum
732 2423 874 2468 quidem
900 2424 1054 2468 priorem
1072 2425 1220 2457 alicuius
1248 2424 1438 2459 adventum
1465 2438 1530 2459 va·-

89 2475 259 2508 ticinatur
285 2473 553 2517 significatque,
579 2472 639 2517 qui
663 2471 882 2516 praecursori
920 2470 1069 2503 Iohanni
1099 2471 1275 2515 baptistae
1305 2483 1528 2507 successurus

89 2522 151 2554 sit:
174 2520 281 2553 “ecce
308 2519 441 2558 enim'’‚
468 2518 598 2564 inquit,
624 2517 815 2562 “angelum
841 2529 957 2550 meum
983 2524 1065 2551 ante
1103 2519 1227 2550 faciem
1255 2524 1349 2552 tuam
1375 2520 1527 2562 mittam,

90 2569 150 2614 qui
177 2568 266 2600 viam
296 2566 364 2600 tibi
386 2571 521 2599 sternet
545 2565 790 2611 spectabitque
818 2575 896 2596 eam
933 2569 1014 2597 ante
1048 2564 1174 2597 faciem
1204 2570 1318 2607 tuam3
1346 2571 1382 2600 et
1408 2568 1526 2601 statim

89 2615 210 2647 veniet
235 2614 277 2646 ad
304 2613 477 2658 templum
503 2624 603 2646 suum
632 2610 828 2645 dominus?
863 2610 1026 2644 omnibus
1055 2612 1148 2644 enim
1171 2613 1297 2645 nesciis
1322 2619 1443 2658 partus
1469 2626 1526 2648 sa-

91 2661 212 2694 lutaris
239 2661 352 2694 factus
389 2665 450 2693 est.
486 2659 651 2693 nimirum
687 2659 860 2703 templum
898 2663 1059 2691 naturam
1097 2657 1287 2692 humanam
1311 2661 1524 2705 appellavit,

90 2719 192 2752 quam
222 2707 309 2740 deus
335 2706 481 2739 verbum
511 2706 678 2751 suscepit.
708 2717 786 2738 cum
804 2706 922 2749 priore
950 2709 1068 2736 antem
1090 2705 1243 2739 adventu
1269 2707 1373 2740 etiam
1395 2718 1523 2742 secun-

90 2754 171 2787 dum
189 2753 365 2788 describit.
392 2752 507 2787 “ecce
527 2753 624 2787 venit
652 2752 817 2786 <lominus
843 2751 1091 2797 omnipotens:
1120 2752 1199 2798 quis
1214 2753 1403 2789 sustinebit
1429 2755 1522 2789 diem
