<?xml version="1.0" encoding="UTF-8"?>
<!DOCTYPE html PUBLIC "-//W3C//DTD XHTML 1.0 Transitional//EN"
    "http://www.w3.org/TR/xhtml1/DTD/xhtml1-transitional.dtd">
<html xmlns="http://www.w3.org/1999/xhtml" xml:lang="en" lang="en">
 <head>
  <title>
</title>
<meta http-equiv="Content-Type" content="text/html;charset=utf-8" />
  <meta name='ocr-system' content='tesseract 3.04.00' />
  <meta name='ocr-capabilities' content='ocr_page ocr_carea ocr_par ocr_line ocrx_word'/>
</head>
<body>
  <div class='ocr_page' id='page_1' title='image "./corpusscriptorum19niebuoft_0120.png"; bbox 0 0 1806 3190; ppageno 0'>
   <div class='ocr_carea' id='block_1_1' title="bbox 308 148 1299 227">
    <p class='ocr_par' dir='ltr' id='par_1_1' title="bbox 308 148 1299 227">
     <span class='ocr_line' id='line_1_1' title="bbox 308 148 1299 227; baseline 0.004 -25"><span class='ocrx_word' id='word_1_1' title='bbox 308 148 410 227; x_wconf 72' lang='lat'><em>¹98</em></span> <span class='ocrx_word' id='word_1_2' title='bbox 714 166 942 207; x_wconf 74' lang='lat' dir='ltr'><strong>Gssoncu</strong></span> <span class='ocrx_word' id='word_1_3' title='bbox 982 164 1299 207; x_wconf 72' lang='lat' dir='ltr'><strong>PnssAmzAss</strong></span> 
     </span>
    </p>
   </div>
   <div class='ocr_carea' id='block_1_2' title="bbox 285 258 1806 1636">
    <p class='ocr_par' dir='ltr' id='par_1_2' title="bbox 285 258 1803 1303">
     <span class='ocr_line' id='line_1_2' title="bbox 297 258 1730 321; baseline -0.001 -14"><span class='ocrx_word' id='word_1_4' title='bbox 297 263 368 307; x_wconf 82' lang='grc' dir='ltr'><em>τὸν</em></span> <span class='ocrx_word' id='word_1_5' title='bbox 398 263 585 316; x_wconf 84' lang='grc' dir='ltr'><em>Ἰσθμόν,</em></span> <span class='ocrx_word' id='word_1_6' title='bbox 614 259 664 304; x_wconf 78' lang='grc' dir='ltr'><em>οὗ</em></span> <span class='ocrx_word' id='word_1_7' title='bbox 695 264 770 319; x_wconf 90' lang='grc' dir='ltr'><em>πέρ</em></span> <span class='ocrx_word' id='word_1_8' title='bbox 802 264 891 306; x_wconf 82' lang='grc' dir='ltr'><em>ἐστι</em></span> <span class='ocrx_word' id='word_1_9' title='bbox 909 264 952 305; x_wconf 85' lang='grc' dir='ltr'><em>τὸ</em></span> <span class='ocrx_word' id='word_1_10' title='bbox 983 267 1111 320; x_wconf 75' lang='grc' dir='ltr'><em>μῆκος</em></span> <span class='ocrx_word' id='word_1_11' title='bbox 1140 261 1169 319; x_wconf 74' lang='grc' dir='ltr'><em>ἢ</em></span> <span class='ocrx_word' id='word_1_12' title='bbox 1195 266 1353 317; x_wconf 81' lang='grc' dir='ltr'><em>μᾶλλον</em></span> <span class='ocrx_word' id='word_1_13' title='bbox 1380 266 1508 307; x_wconf 82' lang='grc' dir='ltr'><em>εἰπεῖν</em></span> <span class='ocrx_word' id='word_1_14' title='bbox 1533 263 1578 308; x_wconf 84' lang='grc' dir='ltr'><em>τὸ</em></span> <span class='ocrx_word' id='word_1_15' title='bbox 1609 258 1730 321; x_wconf 75' lang='grc' dir='ltr'><em>εὖρος</em></span> 
     </span>
     <span class='ocr_line' id='line_1_3' title="bbox 297 326 1731 385; baseline 0 -13"><span class='ocrx_word' id='word_1_16' title='bbox 297 330 343 372; x_wconf 76' lang='grc' dir='ltr'><em>ἐκ</em></span> <span class='ocrx_word' id='word_1_17' title='bbox 384 330 486 382; x_wconf 81' lang='grc' dir='ltr'><em>μιᾶς</em></span> <span class='ocrx_word' id='word_1_18' title='bbox 526 328 736 383; x_wconf 76' lang='grc' dir='ltr'><strong><em>θαλάττης</em></strong></span> <span class='ocrx_word' id='word_1_19' title='bbox 780 331 839 378; x_wconf 86' lang='grc' dir='ltr'><em>εἰς</em></span> <span class='ocrx_word' id='word_1_20' title='bbox 866 328 941 384; x_wconf 81' lang='grc' dir='ltr'><em>την</em></span> <span class='ocrx_word' id='word_1_21' title='bbox 978 326 1125 385; x_wconf 73' lang='grc' dir='ltr'><em>ἑτέραν</em></span> <span class='ocrx_word' id='word_1_22' title='bbox 1158 330 1347 385; x_wconf 83' lang='grc' dir='ltr'><em>ὄργυιἀις</em></span> <span class='ocrx_word' id='word_1_23' title='bbox 1383 333 1632 385; x_wconf 78' lang='grc' dir='ltr'><em>τρισχιλίαις</em></span> <span class='ocrx_word' id='word_1_24' title='bbox 1661 330 1731 372; x_wconf 79' lang='grc' dir='ltr'><strong><em>καί</em></strong></span> 
     </span>
     <span class='ocr_line' id='line_1_4' title="bbox 295 391 1730 453; baseline 0.001 -16"><span class='ocrx_word' id='word_1_25' title='bbox 295 395 572 444; x_wconf 77' lang='grc' dir='ltr'><strong><em>ὀκτακοσίαις·</em></strong></span> <span class='ocrx_word' id='word_1_26' title='bbox 629 393 674 435; x_wconf 83' lang='grc' dir='ltr'><em>τὸ</em></span> <span class='ocrx_word' id='word_1_27' title='bbox 706 396 750 437; x_wconf 77' lang='grc' dir='ltr'><em>δὲ</em></span> <span class='ocrx_word' id='word_1_28' title='bbox 780 394 937 452; x_wconf 89' lang='grc' dir='ltr'><em>μάκρος</em></span> <span class='ocrx_word' id='word_1_29' title='bbox 966 397 1012 437; x_wconf 89' lang='grc' dir='ltr'><em>έκ</em></span> <span class='ocrx_word' id='word_1_30' title='bbox 1040 398 1112 446; x_wconf 80' lang='grc' dir='ltr'><em>τῆς</em></span> <span class='ocrx_word' id='word_1_31' title='bbox 1141 399 1296 453; x_wconf 88' lang='grc' dir='ltr'><em>χέρσου</em></span> <span class='ocrx_word' id='word_1_32' title='bbox 1326 399 1398 451; x_wconf 83' lang='grc' dir='ltr'><em>τῆς</em></span> <span class='ocrx_word' id='word_1_33' title='bbox 1417 395 1610 447; x_wconf 78' lang='grc' dir='ltr'><em>Ἑλλάδος</em></span> <span class='ocrx_word' id='word_1_34' title='bbox 1639 391 1730 452; x_wconf 77' lang='grc' dir='ltr'><em>ἤτοι</em></span> 
     </span>
     <span class='ocr_line' id='line_1_5' title="bbox 295 460 1731 518; baseline 0 -14"><span class='ocrx_word' id='word_1_35' title='bbox 295 464 367 516; x_wconf 80' lang='grc' dir='ltr'><em>τῆς</em></span> <span class='ocrx_word' id='word_1_36' title='bbox 394 462 576 515; x_wconf 77' lang='grc' dir='ltr'><em>Ἀττικῆς</em></span> <span class='ocrx_word' id='word_1_37' title='bbox 602 462 674 515; x_wconf 73' lang='grc' dir='ltr'><em>γῆς</em></span> <span class='ocrx_word' id='word_1_38' title='bbox 702 460 804 512; x_wconf 74' lang='grc' dir='ltr'><em>μετὰ</em></span> <span class='ocrx_word' id='word_1_39' title='bbox 833 460 879 503; x_wconf 86' lang='grc' dir='ltr'><em>τὸ</em></span> <span class='ocrx_word' id='word_1_40' title='bbox 913 464 1146 517; x_wconf 81' lang='grc' dir='ltr'><em>καταβῆναι</em></span> <span class='ocrx_word' id='word_1_41' title='bbox 1186 461 1264 517; x_wconf 80' lang='grc' dir='ltr'><em>τήν</em></span> <span class='ocrx_word' id='word_1_42' title='bbox 1300 469 1498 517; x_wconf 82' lang='grc' dir='ltr'><em>τραχεῖαν</em></span> <span class='ocrx_word' id='word_1_43' title='bbox 1533 460 1632 505; x_wconf 82' lang='grc' dir='ltr'><em>ὅδὸν</em></span> <span class='ocrx_word' id='word_1_44' title='bbox 1653 461 1731 518; x_wconf 81' lang='grc' dir='ltr'><em>τὴν</em></span> 
     </span>
     <span class='ocr_line' id='line_1_6' title="bbox 294 525 1768 584; baseline 0.001 -16"><span class='ocrx_word' id='word_1_45' title='bbox 294 530 514 581; x_wconf 70' lang='grc' dir='ltr'><em>λεγομένην</em></span> <span class='ocrx_word' id='word_1_46' title='bbox 543 526 732 580; x_wconf 89' lang='grc' dir='ltr'><em>Πλάγιον</em></span> <span class='ocrx_word' id='word_1_47' title='bbox 763 525 929 580; x_wconf 79' lang='grc' dir='ltr'><em>Κακόν,</em></span> <span class='ocrx_word' id='word_1_48' title='bbox 971 529 1049 578; x_wconf 75' lang='grc' dir='ltr'><em>ἕως</em></span> <span class='ocrx_word' id='word_1_49' title='bbox 1076 531 1146 584; x_wconf 74' lang='grc' dir='ltr'><em>τῆς</em></span> <span class='ocrx_word' id='word_1_50' title='bbox 1184 527 1380 577; x_wconf 82' lang='grc' dir='ltr'><em>πεδιάδος</em></span> <span class='ocrx_word' id='word_1_51' title='bbox 1407 530 1591 570; x_wconf 86' lang='grc' dir='ltr'><em>κάτωθεν</em></span> <span class='ocrx_word' id='word_1_52' title='bbox 1618 526 1768 584; x_wconf 83' lang='grc' dir='ltr'><em>φθά-5</em></span> 
     </span>
     <span class='ocr_line' id='line_1_7' title="bbox 294 586 1770 649; baseline -0.001 -14"><span class='ocrx_word' id='word_1_53' title='bbox 294 609 390 645; x_wconf 84' lang='grc' dir='ltr'><em>σαι,</em></span> <span class='ocrx_word' id='word_1_54' title='bbox 433 594 476 633; x_wconf 82' lang='grc' dir='ltr'><em>ἐν</em></span> <span class='ocrx_word' id='word_1_55' title='bbox 503 587 535 649; x_wconf 79' lang='grc' dir='ltr'><em>ᾧ</em></span> <span class='ocrx_word' id='word_1_56' title='bbox 564 590 676 649; x_wconf 69' lang='grc' dir='ltr'><em>τόπῳ</em></span> <span class='ocrx_word' id='word_1_57' title='bbox 704 586 755 646; x_wconf 82' lang='grc' dir='ltr'><em>ἦν</em></span> <span class='ocrx_word' id='word_1_58' title='bbox 780 594 997 635; x_wconf 78' lang='grc' dir='ltr'><em>κτισθέντα</em></span> <span class='ocrx_word' id='word_1_59' title='bbox 1038 591 1088 635; x_wconf 84' lang='grc' dir='ltr'><em>τά</em></span> <span class='ocrx_word' id='word_1_60' title='bbox 1122 596 1238 647; x_wconf 74' lang='grc' dir='ltr'><em>τείχη</em></span> <span class='ocrx_word' id='word_1_61' title='bbox 1273 596 1408 636; x_wconf 89' lang='grc' dir='ltr'><em>ταῦτα</em></span> <span class='ocrx_word' id='word_1_62' title='bbox 1433 597 1508 635; x_wconf 89' lang='grc' dir='ltr'><em>τοῦ</em></span> <span class='ocrx_word' id='word_1_63' title='bbox 1529 594 1703 646; x_wconf 82' lang='grc' dir='ltr'><em>Ἰσθμοῦ</em></span> <span class='ocrx_word' id='word_1_64' title='bbox 1718 627 1730 647; x_wconf 85' lang='grc'><strong><em>,</em></strong></span> <span class='ocrx_word' id='word_1_65' title='bbox 1762 609 1770 615; x_wconf 90' lang='grc'><em>·</em></span> 
     </span>
     <span class='ocr_line' id='line_1_8' title="bbox 294 656 1732 715; baseline 0.002 -15"><span class='ocrx_word' id='word_1_66' title='bbox 294 659 444 700; x_wconf 76' lang='grc' dir='ltr'><em>στάδια</em></span> <span class='ocrx_word' id='word_1_67' title='bbox 473 656 703 712; x_wconf 88' lang='grc' dir='ltr'><em>τριάκοντα.</em></span> <span class='ocrx_word' id='word_1_68' title='bbox 771 657 851 699; x_wconf 80' lang='grc' dir='ltr'><em>άπὸ</em></span> <span class='ocrx_word' id='word_1_69' title='bbox 895 661 940 700; x_wconf 81' lang='grc' dir='ltr'><em>δὲ</em></span> <span class='ocrx_word' id='word_1_70' title='bbox 977 660 1057 701; x_wconf 76' lang='grc' dir='ltr'><em>τῶν</em></span> <span class='ocrx_word' id='word_1_71' title='bbox 1091 663 1240 713; x_wconf 79' lang='grc' dir='ltr'><em>τειχῶν</em></span> <span class='ocrx_word' id='word_1_72' title='bbox 1259 662 1332 702; x_wconf 89' lang='grc' dir='ltr'><em>τοῦ</em></span> <span class='ocrx_word' id='word_1_73' title='bbox 1357 660 1527 712; x_wconf 83' lang='grc' dir='ltr'><em>Ἰσθμοῦ</em></span> <span class='ocrx_word' id='word_1_74' title='bbox 1554 661 1632 709; x_wconf 81' lang='grc' dir='ltr'><em>ἓως</em></span> <span class='ocrx_word' id='word_1_75' title='bbox 1658 663 1732 715; x_wconf 81' lang='grc' dir='ltr'><em>τῆς</em></span> 
     </span>
     <span class='ocr_line' id='line_1_9' title="bbox 293 724 1733 781; baseline 0.001 -15"><span class='ocrx_word' id='word_1_76' title='bbox 293 726 511 779; x_wconf 76' lang='grc' dir='ltr'><em>Κορίνθου</em></span> <span class='ocrx_word' id='word_1_77' title='bbox 533 725 608 765; x_wconf 90' lang='grc' dir='ltr'><em>τοῦ</em></span> <span class='ocrx_word' id='word_1_78' title='bbox 636 724 740 780; x_wconf 75' lang='grc' dir='ltr'><em>ὑπὲρ</em></span> <span class='ocrx_word' id='word_1_79' title='bbox 769 725 946 780; x_wconf 81' lang='grc' dir='ltr'><em>νεφέλας</em></span> <span class='ocrx_word' id='word_1_80' title='bbox 967 725 1172 781; x_wconf 75' lang='grc' dir='ltr'><em>φρουρίου</em></span> <span class='ocrx_word' id='word_1_81' title='bbox 1189 727 1351 779; x_wconf 77' lang='grc' dir='ltr'><em>βουναῖν</em></span> <span class='ocrx_word' id='word_1_82' title='bbox 1376 725 1447 767; x_wconf 83' lang='grc' dir='ltr'><strong><em>καί</em></strong></span> <span class='ocrx_word' id='word_1_83' title='bbox 1463 727 1539 767; x_wconf 88' lang='grc' dir='ltr'><em>τοῦ</em></span> <span class='ocrx_word' id='word_1_84' title='bbox 1559 726 1733 778; x_wconf 86' lang='grc' dir='ltr'><em>Ἰσθμοῦ</em></span> 
     </span>
     <span class='ocr_line' id='line_1_10' title="bbox 291 787 1732 846; baseline 0 -14"><span class='ocrx_word' id='word_1_85' title='bbox 291 792 405 839; x_wconf 85' lang='grc' dir='ltr'><em>τέλος</em></span> <span class='ocrx_word' id='word_1_86' title='bbox 431 788 580 831; x_wconf 72' lang='grc' dir='ltr'><em>στάδια</em></span> <span class='ocrx_word' id='word_1_87' title='bbox 618 787 859 846; x_wconf 74' lang='grc' dir='ltr'><em>ὑπάρχουσι</em></span> <span class='ocrx_word' id='word_1_88' title='bbox 900 789 1046 832; x_wconf 88' lang='grc' dir='ltr'><em>πολλά.</em></span> <span class='ocrx_word' id='word_1_89' title='bbox 1120 789 1227 833; x_wconf 78' lang='grc' dir='ltr'><em>ἔοικε</em></span> <span class='ocrx_word' id='word_1_90' title='bbox 1263 793 1309 832; x_wconf 82' lang='grc' dir='ltr'><em>δὲ</em></span> <span class='ocrx_word' id='word_1_91' title='bbox 1351 791 1375 846; x_wconf 82' lang='grc' dir='ltr'><em>ἦ</em></span> <span class='ocrx_word' id='word_1_92' title='bbox 1416 790 1732 846; x_wconf 86' lang='grc' dir='ltr'><em>Πελοπόννησος</em></span> 
     </span>
     <span class='ocr_line' id='line_1_11' title="bbox 290 852 1798 912; baseline 0.003 -16"><span class='ocrx_word' id='word_1_93' title='bbox 290 855 502 897; x_wconf 84' lang='grc' dir='ltr'><em>πλατάνου</em></span> <span class='ocrx_word' id='word_1_94' title='bbox 537 852 680 912; x_wconf 74' lang='grc' dir='ltr'><em>φύλλῳ</em></span> <span class='ocrx_word' id='word_1_95' title='bbox 722 858 780 905; x_wconf 88' lang='grc' dir='ltr'><em>εἰς</em></span> <span class='ocrx_word' id='word_1_96' title='bbox 821 855 981 909; x_wconf 86' lang='grc' dir='ltr'><em>πάντα,</em></span> <span class='ocrx_word' id='word_1_97' title='bbox 1025 858 1098 898; x_wconf 88' lang='grc' dir='ltr'><em>τοῦ</em></span> <span class='ocrx_word' id='word_1_98' title='bbox 1144 858 1190 898; x_wconf 75' lang='grc' dir='ltr'><em>δὲ</em></span> <span class='ocrx_word' id='word_1_99' title='bbox 1231 857 1392 912; x_wconf 82' lang='grc' dir='ltr'><em>φύλλου</em></span> <span class='ocrx_word' id='word_1_100' title='bbox 1430 856 1476 897; x_wconf 83' lang='grc' dir='ltr'><em>τὸ</em></span> <span class='ocrx_word' id='word_1_101' title='bbox 1510 858 1661 906; x_wconf 87' lang='grc' dir='ltr'><em>καῦλος</em></span> <span class='ocrx_word' id='word_1_102' title='bbox 1710 855 1798 901; x_wconf 81' lang='grc' dir='ltr'><em>διο</em></span> 
     </span>
     <span class='ocr_line' id='line_1_12' title="bbox 285 917 1731 1003; baseline -0.001 -39"><span class='ocrx_word' id='word_1_103' title='bbox 285 919 454 975; x_wconf 76' lang='grc' dir='ltr'><em>Ἰσθμός</em></span> <span class='ocrx_word' id='word_1_104' title='bbox 474 921 596 966; x_wconf 77' lang='grc' dir='ltr'><em>ἐστιν.</em></span> <span class='ocrx_word' id='word_1_105' title='bbox 627 917 825 976; x_wconf 77' lang='grc' dir='ltr'><em>ἀνέστησε</em></span> <span class='ocrx_word' id='word_1_106' title='bbox 842 923 888 964; x_wconf 77' lang='grc' dir='ltr'><em>δὲ</em></span> <span class='ocrx_word' id='word_1_107' title='bbox 906 923 1114 1003; x_wconf 78' lang='grc' dir='ltr'><em>πύργους</em></span> <span class='ocrx_word' id='word_1_108' title='bbox 1115 921 1159 963; x_wconf 71' lang='grc' dir='ltr'><em>ἐν</em></span> <span class='ocrx_word' id='word_1_109' title='bbox 1180 924 1292 980; x_wconf 71' lang='grc' dir='ltr'><em>αὐτῷ</em></span> <span class='ocrx_word' id='word_1_110' title='bbox 1317 918 1463 964; x_wconf 74' lang='grc' dir='ltr'><em>ἑκατὸν</em></span> <span class='ocrx_word' id='word_1_111' title='bbox 1482 922 1731 976; x_wconf 85' lang='grc' dir='ltr'><em>πεντήκοντα</em></span> 
     </span>
     <span class='ocr_line' id='line_1_13' title="bbox 291 983 1732 1045; baseline 0 -17"><span class='ocrx_word' id='word_1_112' title='bbox 291 1003 360 1028; x_wconf 86' lang='grc' dir='ltr'><em>και</em></span> <span class='ocrx_word' id='word_1_113' title='bbox 390 991 513 1042; x_wconf 81' lang='grc' dir='ltr'><em>τρεῖς.</em></span> <span class='ocrx_word' id='word_1_114' title='bbox 570 988 640 1028; x_wconf 86' lang='grc' dir='ltr'><strong><em>καί</em></strong></span> <span class='ocrx_word' id='word_1_115' title='bbox 668 986 712 1029; x_wconf 84' lang='grc' dir='ltr'><em>ἕν</em></span> <span class='ocrx_word' id='word_1_116' title='bbox 731 1003 814 1029; x_wconf 91' lang='grc' dir='ltr'><em>τινι</em></span> <span class='ocrx_word' id='word_1_117' title='bbox 830 987 1043 1045; x_wconf 84' lang='grc' dir='ltr'><em>μαρμάρω</em></span> <span class='ocrx_word' id='word_1_118' title='bbox 1065 983 1189 1042; x_wconf 88' lang='grc' dir='ltr'><em>ευρον</em></span> <span class='ocrx_word' id='word_1_119' title='bbox 1214 986 1443 1041; x_wconf 83' lang='grc' dir='ltr'><em>γράμματα</em></span> <span class='ocrx_word' id='word_1_120' title='bbox 1467 989 1732 1043; x_wconf 80' lang='grc' dir='ltr'><em>γεγραμμένα</em></span> 
     </span>
     <span class='ocr_line' id='line_1_14' title="bbox 293 1049 1732 1109; baseline 0 -15"><span class='ocrx_word' id='word_1_121' title='bbox 293 1055 462 1107; x_wconf 86' lang='grc' dir='ltr'><em>λέγοντα</em></span> <span class='ocrx_word' id='word_1_122' title='bbox 491 1049 654 1102; x_wconf 70' lang='grc' dir='ltr'><em>ου’τωςζ</em></span> <span class='ocrx_word' id='word_1_123' title='bbox 655 1052 769 1109; x_wconf 64' lang='grc' dir='ltr'><em>ζφῶς</em></span> <span class='ocrx_word' id='word_1_124' title='bbox 798 1056 842 1096; x_wconf 86' lang='grc' dir='ltr'><em>ἐκ</em></span> <span class='ocrx_word' id='word_1_125' title='bbox 872 1053 1028 1109; x_wconf 86' lang='grc' dir='ltr'><em>φωτός,</em></span> <span class='ocrx_word' id='word_1_126' title='bbox 1073 1053 1172 1102; x_wconf 84' lang='grc' dir='ltr'><em>θεὸς</em></span> <span class='ocrx_word' id='word_1_127' title='bbox 1201 1053 1402 1108; x_wconf 83' lang='grc' dir='ltr'><em>α’ληθινὸς</em></span> <span class='ocrx_word' id='word_1_128' title='bbox 1433 1054 1475 1094; x_wconf 76' lang='grc' dir='ltr'><em>ἐκ</em></span> <span class='ocrx_word' id='word_1_129' title='bbox 1502 1057 1606 1095; x_wconf 84' lang='grc' dir='ltr'><em>θεοῦ</em></span> <span class='ocrx_word' id='word_1_130' title='bbox 1632 1054 1732 1108; x_wconf 80' lang='grc' dir='ltr'><em>άλη-</em></span> 
     </span>
     <span class='ocr_line' id='line_1_15' title="bbox 293 1116 1734 1200; baseline 0.001 -40"><span class='ocrx_word' id='word_1_131' title='bbox 293 1121 418 1162; x_wconf 60' lang='lat' dir='ltr'><em>Savo&amp;</em></span> <span class='ocrx_word' id='word_1_132' title='bbox 447 1116 630 1175; x_wconf 76' lang='grc' dir='ltr'><em>φυλάξῃ,</em></span> <span class='ocrx_word' id='word_1_133' title='bbox 660 1119 731 1161; x_wconf 83' lang='grc' dir='ltr'><em>τὸν</em></span> <span class='ocrx_word' id='word_1_134' title='bbox 768 1119 1052 1200; x_wconf 75' lang='grc' dir='ltr'><em>αὐτοκράτορα</em></span> <span class='ocrx_word' id='word_1_135' title='bbox 1082 1120 1370 1162; x_wconf 85' lang='grc' dir='ltr'><em>Ἰουστινιανὸν</em></span> <span class='ocrx_word' id='word_1_136' title='bbox 1399 1136 1466 1160; x_wconf 84' lang='grc' dir='ltr'><em>και</em></span> <span class='ocrx_word' id='word_1_137' title='bbox 1495 1118 1565 1160; x_wconf 81' lang='grc' dir='ltr'><em>τὸν</em></span> <span class='ocrx_word' id='word_1_138' title='bbox 1590 1118 1734 1161; x_wconf 84' lang='grc' dir='ltr'><em>πιστὸν</em></span> 
     </span>
     <span class='ocr_line' id='line_1_16' title="bbox 294 1184 1803 1242; baseline 0.001 -16"><span class='ocrx_word' id='word_1_139' title='bbox 294 1185 441 1226; x_wconf 77' lang='grc' dir='ltr'><em>δοῦλον</em></span> <span class='ocrx_word' id='word_1_140' title='bbox 480 1187 609 1226; x_wconf 72' lang='grc' dir='ltr'><em>αὐτοῦ</em></span> <span class='ocrx_word' id='word_1_141' title='bbox 643 1189 900 1240; x_wconf 83' lang='grc' dir='ltr'><em>Βικτωρΐνον</em></span> <span class='ocrx_word' id='word_1_142' title='bbox 944 1187 1016 1227; x_wconf 84' lang='grc' dir='ltr'><em>καί</em></span> <span class='ocrx_word' id='word_1_143' title='bbox 1052 1184 1209 1234; x_wconf 79' lang='grc' dir='ltr'><em>πάντας</em></span> <span class='ocrx_word' id='word_1_144' title='bbox 1247 1185 1342 1234; x_wconf 82' lang='grc' dir='ltr'><em>τοὺς</em></span> <span class='ocrx_word' id='word_1_145' title='bbox 1384 1187 1428 1228; x_wconf 84' lang='grc' dir='ltr'><em>ὲν</em></span> <span class='ocrx_word' id='word_1_146' title='bbox 1474 1187 1526 1242; x_wconf 80' lang='grc' dir='ltr'><em>τῇ</em></span> <span class='ocrx_word' id='word_1_147' title='bbox 1566 1184 1803 1228; x_wconf 66' lang='grc' dir='ltr'><em>Ἓλλάὸιι5ι</em></span> 
     </span>
     <span class='ocr_line' id='line_1_17' title="bbox 295 1249 1089 1303; baseline 0.004 -13"><span class='ocrx_word' id='word_1_148' title='bbox 295 1251 532 1302; x_wconf 77' lang='grc' dir='ltr'><em>οἰκοῦντας,</em></span> <span class='ocrx_word' id='word_1_149' title='bbox 563 1249 662 1299; x_wconf 72' lang='grc' dir='ltr'><em>τούς</em></span> <span class='ocrx_word' id='word_1_150' title='bbox 692 1253 737 1293; x_wconf 83' lang='grc' dir='ltr'><em>ἐκ</em></span> <span class='ocrx_word' id='word_1_151' title='bbox 756 1254 862 1293; x_wconf 86' lang='grc' dir='ltr'><em>θεοῦ</em></span> <span class='ocrx_word' id='word_1_152' title='bbox 894 1252 1089 1303; x_wconf 79' lang='grc' dir='ltr'><em>ζῶντας.”</em></span> 
     </span>
    </p>

    <p class='ocr_par' dir='ltr' id='par_1_3' title="bbox 292 1313 1806 1636">
     <span class='ocr_line' id='line_1_18' title="bbox 409 1313 1734 1378; baseline 0.001 -20"><span class='ocrx_word' id='word_1_153' title='bbox 409 1319 475 1373; x_wconf 72' lang='grc' dir='ltr'><em>Τῷ</em></span> <span class='ocrx_word' id='word_1_154' title='bbox 507 1319 553 1359; x_wconf 79' lang='grc' dir='ltr'><em>δὲ</em></span> <span class='ocrx_word' id='word_1_155' title='bbox 583 1316 707 1378; x_wconf 50' lang='grc' dir='ltr'><em>,ςῧιὸ</em></span> <span class='ocrx_word' id='word_1_156' title='bbox 738 1317 845 1371; x_wconf 82' lang='grc' dir='ltr'><em>ἔτει,</em></span> <span class='ocrx_word' id='word_1_157' title='bbox 877 1321 978 1372; x_wconf 87' lang='grc' dir='ltr'><em>μηνί</em></span> <span class='ocrx_word' id='word_1_158' title='bbox 1000 1313 1208 1375; x_wconf 42' lang='lat' dir='ltr'><em>Magm&#39;rgu</em></span> <span class='ocrx_word' id='word_1_159' title='bbox 1241 1319 1543 1374; x_wconf 79' lang='grc' dir='ltr'><em>ἐπανέστρεψεν</em></span> <span class='ocrx_word' id='word_1_160' title='bbox 1571 1320 1630 1368; x_wconf 82' lang='grc' dir='ltr'><em>εἷς</em></span> <span class='ocrx_word' id='word_1_161' title='bbox 1658 1318 1734 1373; x_wconf 72' lang='grc' dir='ltr'><em>τὴν</em></span> 
     </span>
     <span class='ocr_line' id='line_1_19' title="bbox 293 1379 1735 1437; baseline -0.001 -12"><span class='ocrx_word' id='word_1_162' title='bbox 293 1382 735 1425; x_wconf 77' lang='grc' dir='ltr'><em>Κωνσταντινούπολιν</em></span> <span class='ocrx_word' id='word_1_163' title='bbox 764 1383 785 1423; x_wconf 79' lang='grc' dir='ltr'><em>ὃ</em></span> <span class='ocrx_word' id='word_1_164' title='bbox 813 1382 1013 1436; x_wconf 70' lang='grc' dir='ltr'><em>βασιλεύς</em></span> <span class='ocrx_word' id='word_1_165' title='bbox 1048 1386 1119 1425; x_wconf 81' lang='grc' dir='ltr'>καί</span> <span class='ocrx_word' id='word_1_166' title='bbox 1155 1384 1179 1437; x_wconf 82' lang='grc' dir='ltr'><em>ἦ</em></span> <span class='ocrx_word' id='word_1_167' title='bbox 1211 1389 1297 1436; x_wconf 72' lang='grc' dir='ltr'><em>μετ’</em></span> <span class='ocrx_word' id='word_1_168' title='bbox 1327 1380 1461 1425; x_wconf 76' lang='grc' dir='ltr'><em>αὖτοῦ</em></span> <span class='ocrx_word' id='word_1_169' title='bbox 1489 1379 1594 1425; x_wconf 80' lang='grc' dir='ltr'><em>οῦσα</em></span> <span class='ocrx_word' id='word_1_170' title='bbox 1621 1384 1735 1425; x_wconf 80' lang='grc' dir='ltr'><em>πᾶσα</em></span> 
     </span>
     <span class='ocr_line' id='line_1_20' title="bbox 292 1443 1734 1507; baseline -0.002 -16"><span class='ocrx_word' id='word_1_171' title='bbox 292 1449 317 1504; x_wconf 76' lang='grc' dir='ltr'><strong><em>ἦ</em></strong></span> <span class='ocrx_word' id='word_1_172' title='bbox 348 1450 672 1503; x_wconf 72' lang='grc' dir='ltr'><em>σῦγκλητος,“ἐν</em></span> <span class='ocrx_word' id='word_1_173' title='bbox 700 1443 733 1507; x_wconf 72' lang='grc' dir='ltr'><em>ᾧ</em></span> <span class='ocrx_word' id='word_1_174' title='bbox 761 1450 862 1503; x_wconf 74' lang='grc' dir='ltr'><em>μηνί</em></span> <span class='ocrx_word' id='word_1_175' title='bbox 891 1448 998 1502; x_wconf 79' lang='grc' dir='ltr'><em>μετά</em></span> <span class='ocrx_word' id='word_1_176' title='bbox 1029 1448 1104 1503; x_wconf 74' lang='grc' dir='ltr'><em>τὴν</em></span> <span class='ocrx_word' id='word_1_177' title='bbox 1134 1444 1277 1504; x_wconf 69' lang='grc' dir='ltr'><em>ἄφιξιν</em></span> <span class='ocrx_word' id='word_1_178' title='bbox 1304 1451 1442 1490; x_wconf 66' lang='grc' dir='ltr'><em>αὐτοῦ</em></span> <span class='ocrx_word' id='word_1_179' title='bbox 1468 1448 1518 1504; x_wconf 73' lang='grc' dir='ltr'><em>δή</em></span> <span class='ocrx_word' id='word_1_180' title='bbox 1550 1452 1627 1491; x_wconf 89' lang='grc' dir='ltr'><em>τοῦ</em></span> <span class='ocrx_word' id='word_1_181' title='bbox 1653 1453 1734 1503; x_wconf 86' lang='grc' dir='ltr'><em>βα-</em></span> 
     </span>
     <span class='ocr_line' id='line_1_21' title="bbox 292 1514 1806 1573; baseline 0.002 -17"><span class='ocrx_word' id='word_1_182' title='bbox 292 1515 439 1564; x_wconf 87' lang='grc' dir='ltr'><em>σιλέως</em></span> <span class='ocrx_word' id='word_1_183' title='bbox 477 1515 663 1556; x_wconf 84' lang='grc' dir='ltr'><em>α’πέθανε</em></span> <span class='ocrx_word' id='word_1_184' title='bbox 699 1516 771 1556; x_wconf 86' lang='grc' dir='ltr'><em>καί</em></span> <span class='ocrx_word' id='word_1_185' title='bbox 810 1514 832 1556; x_wconf 81' lang='grc' dir='ltr'><em>ὅ</em></span> <span class='ocrx_word' id='word_1_186' title='bbox 876 1514 1138 1570; x_wconf 80' lang='grc' dir='ltr'><em>πατριάρχης</em></span> <span class='ocrx_word' id='word_1_187' title='bbox 1166 1516 1243 1569; x_wconf 72' lang='grc' dir='ltr'><em>κύρ</em></span> <span class='ocrx_word' id='word_1_188' title='bbox 1277 1516 1516 1567; x_wconf 78' lang='grc' dir='ltr'><em>Εὕθύμιος·</em></span> <span class='ocrx_word' id='word_1_189' title='bbox 1587 1517 1660 1557; x_wconf 77' lang='grc' dir='ltr'>καί</span> <span class='ocrx_word' id='word_1_190' title='bbox 1684 1518 1806 1573; x_wconf 65' lang='grc' dir='ltr'><em>τῇαι),1</em></span> 
     </span>
     <span class='ocr_line' id='line_1_22' title="bbox 292 1578 1735 1636; baseline 0.001 -15"><span class='ocrx_word' id='word_1_191' title='bbox 292 1578 353 1622; x_wconf 90' lang='grc' dir='ltr'><em>κα’</em></span> <span class='ocrx_word' id='word_1_192' title='bbox 383 1581 458 1622; x_wconf 88' lang='grc' dir='ltr'><em>τοῦ</em></span> <span class='ocrx_word' id='word_1_193' title='bbox 500 1583 649 1622; x_wconf 83' lang='grc' dir='ltr'><em>Μαΐου</em></span> <span class='ocrx_word' id='word_1_194' title='bbox 690 1579 818 1635; x_wconf 79' lang='grc' dir='ltr'><em>μηνός</em></span> <span class='ocrx_word' id='word_1_195' title='bbox 853 1583 929 1623; x_wconf 89' lang='grc' dir='ltr'><em>τοῦ</em></span> <span class='ocrx_word' id='word_1_196' title='bbox 959 1582 1092 1622; x_wconf 73' lang='grc' dir='ltr'><em>αῦτοῦ</em></span> <span class='ocrx_word' id='word_1_197' title='bbox 1131 1580 1247 1631; x_wconf 84' lang='grc' dir='ltr'><em>ἔτους</em></span> <span class='ocrx_word' id='word_1_198' title='bbox 1271 1579 1445 1635; x_wconf 87' lang='grc' dir='ltr'><em>ε’γενόνει</em></span> <span class='ocrx_word' id='word_1_199' title='bbox 1473 1582 1735 1636; x_wconf 85' lang='grc' dir='ltr'><em>πατριάρχης</em></span> 
     </span>
    </p>
   </div>
   <div class='ocr_carea' id='block_1_3' title="bbox 386 1690 1735 1926">
    <p class='ocr_par' dir='ltr' id='par_1_4' title="bbox 386 1690 1735 1926">
     <span class='ocr_line' id='line_1_23' title="bbox 390 1690 1734 1751; baseline 0.003 -27"><span class='ocrx_word' id='word_1_200' title='bbox 390 1704 418 1725; x_wconf 84' lang='grc' dir='ltr'><em>ι.</em></span> <span class='ocrx_word' id='word_1_201' title='bbox 441 1690 596 1738; x_wconf 73' lang='grc' dir='ltr'><em>μᾶλλον]</em></span> <span class='ocrx_word' id='word_1_202' title='bbox 623 1690 737 1728; x_wconf 75' lang='grc' dir='ltr'><em>πάλιν</em></span> <span class='ocrx_word' id='word_1_203' title='bbox 761 1692 798 1724; x_wconf 85' lang='lat' dir='ltr'>M</span> <span class='ocrx_word' id='word_1_204' title='bbox 919 1703 950 1727; x_wconf 87' lang='lat'><em>2.</em></span> <span class='ocrx_word' id='word_1_205' title='bbox 976 1692 1130 1739; x_wconf 78' lang='grc' dir='ltr'><em>ὀργυίιις</em></span> <span class='ocrx_word' id='word_1_206' title='bbox 1161 1695 1367 1751; x_wconf 81' lang='grc' dir='ltr'><em>τρισχιλίας</em></span> <span class='ocrx_word' id='word_1_207' title='bbox 1391 1694 1452 1727; x_wconf 81' lang='grc' dir='ltr'><em>καὶ</em></span> <span class='ocrx_word' id='word_1_208' title='bbox 1479 1692 1734 1732; x_wconf 74' lang='grc' dir='ltr'><em>ὀκτακοσίας-Ρ</em></span> 
     </span>
     <span class='ocr_line' id='line_1_24' title="bbox 386 1735 1730 1788; baseline 0.002 -16"><span class='ocrx_word' id='word_1_209' title='bbox 386 1739 419 1771; x_wconf 92' lang='grc'><em>5.</em></span> <span class='ocrx_word' id='word_1_210' title='bbox 445 1738 604 1784; x_wconf 77' lang='grc' dir='ltr'><em>φθάσας</em></span> <span class='ocrx_word' id='word_1_211' title='bbox 630 1738 668 1771; x_wconf 91' lang='grc' dir='ltr'><strong>Μ</strong></span> <span class='ocrx_word' id='word_1_212' title='bbox 807 1750 838 1782; x_wconf 85' lang='lat'><em>7.</em></span> <span class='ocrx_word' id='word_1_213' title='bbox 864 1738 1065 1784; x_wconf 83' lang='grc' dir='ltr'><em>τριάκοντα</em></span> <span class='ocrx_word' id='word_1_214' title='bbox 1096 1742 1159 1774; x_wconf 79' lang='grc' dir='ltr'><em>καὶ</em></span> <span class='ocrx_word' id='word_1_215' title='bbox 1185 1766 1190 1772; x_wconf 97' lang='grc'>.</span> <span class='ocrx_word' id='word_1_216' title='bbox 1218 1765 1225 1773; x_wconf 90' lang='grc'><strong>.</strong></span> <span class='ocrx_word' id='word_1_217' title='bbox 1253 1765 1260 1772; x_wconf 94' lang='grc'><strong>.</strong></span> <span class='ocrx_word' id='word_1_218' title='bbox 1289 1765 1296 1772; x_wconf 91' lang='grc'><strong>.</strong></span> <span class='ocrx_word' id='word_1_219' title='bbox 1324 1735 1397 1775; x_wconf 78' lang='grc' dir='ltr'><em>ἀπὸ</em></span> <span class='ocrx_word' id='word_1_220' title='bbox 1423 1740 1446 1772; x_wconf 84' lang='grc' dir='ltr'>Ρ</span> <span class='ocrx_word' id='word_1_221' title='bbox 1585 1742 1616 1774; x_wconf 68' lang='grc'><em>8.</em></span> <span class='ocrx_word' id='word_1_222' title='bbox 1644 1741 1730 1788; x_wconf 73' lang='grc' dir='ltr'><em>τοῦ]</em></span> 
     </span>
     <span class='ocr_line' id='line_1_25' title="bbox 386 1785 1734 1840; baseline 0.001 -21"><span class='ocrx_word' id='word_1_223' title='bbox 386 1785 462 1820; x_wconf 77' lang='grc' dir='ltr'><em>τῶν</em></span> <span class='ocrx_word' id='word_1_224' title='bbox 487 1786 511 1818; x_wconf 88' lang='grc' dir='ltr'>Ρ</span> <span class='ocrx_word' id='word_1_225' title='bbox 604 1785 750 1830; x_wconf 81' lang='grc' dir='ltr'><em>βουνῶν</em></span> <span class='ocrx_word' id='word_1_226' title='bbox 767 1788 831 1820; x_wconf 81' lang='grc' dir='ltr'><em>καὶ</em></span> <span class='ocrx_word' id='word_1_227' title='bbox 840 1785 981 1840; x_wconf 81' lang='grc' dir='ltr'><em>λόφων</em></span> <span class='ocrx_word' id='word_1_228' title='bbox 1004 1789 1067 1821; x_wconf 87' lang='grc' dir='ltr'><em>και</em></span> <span class='ocrx_word' id='word_1_229' title='bbox 1090 1787 1126 1819; x_wconf 92' lang='grc' dir='ltr'><em>Μ</em></span> <span class='ocrx_word' id='word_1_230' title='bbox 1230 1799 1261 1840; x_wconf 88' lang='lat'><strong>9</strong></span> <span class='ocrx_word' id='word_1_231' title='bbox 1287 1797 1351 1831; x_wconf 90' lang='lat' dir='ltr'><strong>pro</strong></span> <span class='ocrx_word' id='word_1_232' title='bbox 1377 1786 1493 1822; x_wconf 80' lang='grc' dir='ltr'><em>πολλά</em></span> <span class='ocrx_word' id='word_1_233' title='bbox 1521 1787 1642 1820; x_wconf 85' lang='lat' dir='ltr'><strong>locum</strong></span> <span class='ocrx_word' id='word_1_234' title='bbox 1669 1800 1734 1820; x_wconf 80' lang='lat' dir='ltr'><em>va-</em></span> 
     </span>
     <span class='ocr_line' id='line_1_26' title="bbox 386 1829 1735 1883; baseline 0.004 -19"><span class='ocrx_word' id='word_1_235' title='bbox 386 1844 491 1865; x_wconf 90' lang='lat' dir='ltr'><strong>cuum</strong></span> <span class='ocrx_word' id='word_1_236' title='bbox 516 1832 539 1864; x_wconf 81' lang='lat' dir='ltr'>P</span> <span class='ocrx_word' id='word_1_237' title='bbox 684 1844 732 1866; x_wconf 86' lang='lat'><em>12.</em></span> <span class='ocrx_word' id='word_1_238' title='bbox 758 1829 876 1879; x_wconf 82' lang='grc' dir='ltr'><em>εὑρών</em></span> <span class='ocrx_word' id='word_1_239' title='bbox 900 1834 938 1866; x_wconf 91' lang='grc' dir='ltr'><strong>Μ</strong></span> <span class='ocrx_word' id='word_1_240' title='bbox 1089 1838 1137 1879; x_wconf 73' lang='lat'><em>¹4·</em></span> <span class='ocrx_word' id='word_1_241' title='bbox 1164 1830 1256 1868; x_wconf 76' lang='grc' dir='ltr'><em>κατὰ</em></span> <span class='ocrx_word' id='word_1_242' title='bbox 1276 1835 1301 1866; x_wconf 86' lang='lat' dir='ltr'>P</span> <span class='ocrx_word' id='word_1_243' title='bbox 1432 1834 1482 1866; x_wconf 79' lang='lat'><em>15.</em></span> <span class='ocrx_word' id='word_1_244' title='bbox 1504 1835 1689 1883; x_wconf 80' lang='grc' dir='ltr'><em>βικτόριον</em></span> <span class='ocrx_word' id='word_1_245' title='bbox 1711 1836 1735 1869; x_wconf 82' lang='grc' dir='ltr'>Ρ</span> 
     </span>
     <span class='ocr_line' id='line_1_27' title="bbox 388 1873 662 1926; baseline 0.007 -14"><span class='ocrx_word' id='word_1_246' title='bbox 388 1890 445 1912; x_wconf 84' lang='lat'><em>20.</em></span> <span class='ocrx_word' id='word_1_247' title='bbox 469 1873 538 1926; x_wconf 83' lang='grc' dir='ltr'><em>κὺρ</em></span> <span class='ocrx_word' id='word_1_248' title='bbox 561 1890 618 1912; x_wconf 90' lang='lat' dir='ltr'><strong>om</strong></span> <span class='ocrx_word' id='word_1_249' title='bbox 639 1880 662 1914; x_wconf 88' lang='lat' dir='ltr'><strong>P</strong></span> 
     </span>
    </p>
   </div>
   <div class='ocr_carea' id='block_1_4' title="bbox 295 1976 1806 2772">
    <p class='ocr_par' dir='ltr' id='par_1_5' title="bbox 295 1976 1806 2772">
     <span class='ocr_line' id='line_1_28' title="bbox 297 1976 1735 2021; baseline 0.002 -13"><span class='ocrx_word' id='word_1_250' title='bbox 297 1987 392 2009; x_wconf 85' lang='lat' dir='ltr'><em>mum</em></span> <span class='ocrx_word' id='word_1_251' title='bbox 417 1976 534 2021; x_wconf 87' lang='lat' dir='ltr'><strong>ipsum</strong></span> <span class='ocrx_word' id='word_1_252' title='bbox 557 1976 700 2020; x_wconf 82' lang='lat' dir='ltr'><strong>coepit,</strong></span> <span class='ocrx_word' id='word_1_253' title='bbox 726 1976 826 2009; x_wconf 90' lang='lat' dir='ltr'><strong>cuius</strong></span> <span class='ocrx_word' id='word_1_254' title='bbox 849 1976 1058 2020; x_wconf 82' lang='lat' dir='ltr'><strong>longitudo,</strong></span> <span class='ocrx_word' id='word_1_255' title='bbox 1084 1977 1174 2017; x_wconf 82' lang='lat' dir='ltr'><strong>sive,</strong></span> <span class='ocrx_word' id='word_1_256' title='bbox 1202 1981 1242 2009; x_wconf 79' lang='lat' dir='ltr'><em>ut</em></span> <span class='ocrx_word' id='word_1_257' title='bbox 1265 1976 1391 2009; x_wconf 83' lang='lat' dir='ltr'><strong>melius</strong></span> <span class='ocrx_word' id='word_1_258' title='bbox 1419 1976 1555 2017; x_wconf 75' lang='lat' dir='ltr'><strong>dicam,</strong></span> <span class='ocrx_word' id='word_1_259' title='bbox 1578 1977 1735 2011; x_wconf 78' lang='lat' dir='ltr'><strong>latitudo</strong></span> 
     </span>
     <span class='ocr_line' id='line_1_29' title="bbox 295 2023 1736 2069; baseline 0.001 -14"><span class='ocrx_word' id='word_1_260' title='bbox 295 2023 340 2055; x_wconf 82' lang='lat' dir='ltr'><em>ab</em></span> <span class='ocrx_word' id='word_1_261' title='bbox 365 2034 437 2056; x_wconf 92' lang='lat' dir='ltr'><strong>uno</strong></span> <span class='ocrx_word' id='word_1_262' title='bbox 460 2023 547 2056; x_wconf 83' lang='lat' dir='ltr'><strong>mari</strong></span> <span class='ocrx_word' id='word_1_263' title='bbox 571 2023 615 2055; x_wconf 87' lang='lat' dir='ltr'><em>ad</em></span> <span class='ocrx_word' id='word_1_264' title='bbox 641 2023 790 2055; x_wconf 84' lang='lat' dir='ltr'><strong>alterum</strong></span> <span class='ocrx_word' id='word_1_265' title='bbox 816 2025 953 2067; x_wconf 82' lang='lat' dir='ltr'>orgyias</span> <span class='ocrx_word' id='word_1_266' title='bbox 978 2029 1032 2056; x_wconf 90' lang='lat' dir='ltr'><em>ter</em></span> <span class='ocrx_word' id='word_1_267' title='bbox 1055 2025 1155 2056; x_wconf 86' lang='lat' dir='ltr'><strong>mille</strong></span> <span class='ocrx_word' id='word_1_268' title='bbox 1181 2029 1216 2056; x_wconf 88' lang='lat' dir='ltr'><em>et</em></span> <span class='ocrx_word' id='word_1_269' title='bbox 1240 2024 1460 2067; x_wconf 75' lang='lat' dir='ltr'><strong>octingentas</strong></span> <span class='ocrx_word' id='word_1_270' title='bbox 1483 2029 1595 2069; x_wconf 84' lang='lat' dir='ltr'><strong>patet,</strong></span> <span class='ocrx_word' id='word_1_271' title='bbox 1617 2024 1736 2068; x_wconf 84' lang='lat' dir='ltr'><strong>longi-</strong></span> 
     </span>
     <span class='ocr_line' id='line_1_30' title="bbox 295 2069 1735 2116; baseline 0.001 -13"><span class='ocrx_word' id='word_1_272' title='bbox 295 2069 383 2103; x_wconf 86' lang='lat' dir='ltr'><strong>tudo</strong></span> <span class='ocrx_word' id='word_1_273' title='bbox 422 2081 442 2102; x_wconf 83' lang='lat' dir='ltr'>a</span> <span class='ocrx_word' id='word_1_274' title='bbox 475 2075 568 2103; x_wconf 81' lang='lat' dir='ltr'><strong>terra</strong></span> <span class='ocrx_word' id='word_1_275' title='bbox 597 2070 732 2102; x_wconf 82' lang='lat' dir='ltr'><strong>Graeca</strong></span> <span class='ocrx_word' id='word_1_276' title='bbox 761 2070 819 2103; x_wconf 85' lang='lat' dir='ltr'><strong>vel</strong></span> <span class='ocrx_word' id='word_1_277' title='bbox 841 2071 976 2111; x_wconf 87' lang='lat' dir='ltr'><strong>Attica,</strong></span> <span class='ocrx_word' id='word_1_278' title='bbox 1012 2077 1200 2116; x_wconf 82' lang='lat' dir='ltr'>postquam</span> <span class='ocrx_word' id='word_1_279' title='bbox 1234 2070 1460 2103; x_wconf 86' lang='lat' dir='ltr'><strong>descenderis</strong></span> <span class='ocrx_word' id='word_1_280' title='bbox 1495 2071 1554 2103; x_wconf 77' lang='lat' dir='ltr'><strong>via</strong></span> <span class='ocrx_word' id='word_1_281' title='bbox 1589 2082 1735 2116; x_wconf 81' lang='lat' dir='ltr'><strong>aspera,</strong></span> 
     </span>
     <span class='ocr_line' id='line_1_31' title="bbox 295 2116 1736 2162; baseline 0.001 -13"><span class='ocrx_word' id='word_1_282' title='bbox 295 2127 389 2162; x_wconf 83' lang='lat' dir='ltr'><strong>quae</strong></span> <span class='ocrx_word' id='word_1_283' title='bbox 412 2117 589 2162; x_wconf 82' lang='grc' dir='ltr'><em>Πλάγιον</em></span> <span class='ocrx_word' id='word_1_284' title='bbox 602 2116 732 2152; x_wconf 82' lang='grc' dir='ltr'><em>Κακόν</em></span> <span class='ocrx_word' id='word_1_285' title='bbox 756 2117 896 2156; x_wconf 74' lang='lat' dir='ltr'><strong>dicitur,</strong></span> <span class='ocrx_word' id='word_1_286' title='bbox 923 2117 1037 2150; x_wconf 81' lang='lat' dir='ltr'><strong>donec</strong></span> <span class='ocrx_word' id='word_1_287' title='bbox 1061 2119 1098 2150; x_wconf 83' lang='lat' dir='ltr'><strong>in</strong></span> <span class='ocrx_word' id='word_1_288' title='bbox 1120 2117 1307 2162; x_wconf 79' lang='lat' dir='ltr'><strong>planitiem</strong></span> <span class='ocrx_word' id='word_1_289' title='bbox 1331 2118 1463 2158; x_wconf 78' lang='lat' dir='ltr'><strong>venias,</strong></span> <span class='ocrx_word' id='word_1_290' title='bbox 1489 2129 1561 2162; x_wconf 87' lang='lat' dir='ltr'><strong>quo</strong></span> <span class='ocrx_word' id='word_1_291' title='bbox 1590 2118 1628 2150; x_wconf 90' lang='lat' dir='ltr'><strong>in</strong></span> <span class='ocrx_word' id='word_1_292' title='bbox 1654 2118 1736 2151; x_wconf 89' lang='lat' dir='ltr'><strong>loco</strong></span> 
     </span>
     <span class='ocr_line' id='line_1_32' title="bbox 295 2164 1738 2209; baseline 0.001 -13"><span class='ocrx_word' id='word_1_293' title='bbox 295 2164 387 2196; x_wconf 87' lang='lat' dir='ltr'><strong>muri</strong></span> <span class='ocrx_word' id='word_1_294' title='bbox 413 2164 469 2196; x_wconf 88' lang='lat' dir='ltr'><strong>illi</strong></span> <span class='ocrx_word' id='word_1_295' title='bbox 493 2165 663 2197; x_wconf 81' lang='lat' dir='ltr'><strong>exstructi</strong></span> <span class='ocrx_word' id='word_1_296' title='bbox 697 2170 818 2205; x_wconf 82' lang='lat' dir='ltr'><strong>erant,</strong></span> <span class='ocrx_word' id='word_1_297' title='bbox 850 2164 963 2197; x_wconf 82' lang='lat' dir='ltr'><strong>stadia</strong></span> <span class='ocrx_word' id='word_1_298' title='bbox 995 2165 1167 2209; x_wconf 82' lang='lat' dir='ltr'><strong>triginta3</strong></span> <span class='ocrx_word' id='word_1_299' title='bbox 1209 2176 1229 2197; x_wconf 76' lang='lat' dir='ltr'>a</span> <span class='ocrx_word' id='word_1_300' title='bbox 1263 2164 1372 2196; x_wconf 84' lang='lat' dir='ltr'><strong>muris</strong></span> <span class='ocrx_word' id='word_1_301' title='bbox 1397 2164 1528 2197; x_wconf 87' lang='lat' dir='ltr'><strong>deinde</strong></span> <span class='ocrx_word' id='word_1_302' title='bbox 1552 2176 1666 2209; x_wconf 88' lang='lat' dir='ltr'><strong>usque</strong></span> <span class='ocrx_word' id='word_1_303' title='bbox 1689 2164 1738 2198; x_wconf 75' lang='lat' dir='ltr'><em>ad</em></span> 
     </span>
     <span class='ocr_line' id='line_1_33' title="bbox 296 2210 1736 2255; baseline 0.001 -12"><span class='ocrx_word' id='word_1_304' title='bbox 296 2210 459 2243; x_wconf 72' lang='lat' dir='ltr'>Corinthi</span> <span class='ocrx_word' id='word_1_305' title='bbox 485 2211 596 2244; x_wconf 87' lang='lat' dir='ltr'><strong>colles</strong></span> <span class='ocrx_word' id='word_1_306' title='bbox 615 2221 805 2255; x_wconf 83' lang='lat' dir='ltr'>arcemque</span> <span class='ocrx_word' id='word_1_307' title='bbox 832 2222 936 2255; x_wconf 86' lang='lat' dir='ltr'><strong>supra</strong></span> <span class='ocrx_word' id='word_1_308' title='bbox 954 2211 1064 2244; x_wconf 82' lang='lat' dir='ltr'><strong>nubes</strong></span> <span class='ocrx_word' id='word_1_309' title='bbox 1085 2212 1300 2244; x_wconf 82' lang='lat' dir='ltr'><strong>eminentem</strong></span> <span class='ocrx_word' id='word_1_310' title='bbox 1328 2217 1364 2244; x_wconf 90' lang='lat' dir='ltr'><em>et</em></span> <span class='ocrx_word' id='word_1_311' title='bbox 1387 2211 1495 2244; x_wconf 82' lang='lat' dir='ltr'><strong>finem</strong></span> <span class='ocrx_word' id='word_1_312' title='bbox 1511 2210 1638 2244; x_wconf 85' lang='lat' dir='ltr'><strong>Isthmi</strong></span> <span class='ocrx_word' id='word_1_313' title='bbox 1662 2217 1736 2245; x_wconf 81' lang='lat' dir='ltr'><strong>sta·-</strong></span> 
     </span>
     <span class='ocr_line' id='line_1_34' title="bbox 296 2257 1738 2302; baseline 0.001 -13"><span class='ocrx_word' id='word_1_314' title='bbox 296 2257 354 2289; x_wconf 84' lang='lat' dir='ltr'><em>dia</em></span> <span class='ocrx_word' id='word_1_315' title='bbox 379 2258 491 2291; x_wconf 85' lang='lat' dir='ltr'><strong>multa</strong></span> <span class='ocrx_word' id='word_1_316' title='bbox 516 2262 610 2290; x_wconf 78' lang='lat' dir='ltr'><strong>sunt.</strong></span> <span class='ocrx_word' id='word_1_317' title='bbox 635 2257 901 2302; x_wconf 86' lang='lat' dir='ltr'><strong>Peloponnesus</strong></span> <span class='ocrx_word' id='word_1_318' title='bbox 927 2258 1013 2290; x_wconf 87' lang='lat' dir='ltr'><strong>folio</strong></span> <span class='ocrx_word' id='word_1_319' title='bbox 1048 2259 1185 2302; x_wconf 56' lang='lat' dir='ltr'><strong>[fintani</strong></span> <span class='ocrx_word' id='word_1_320' title='bbox 1213 2258 1392 2291; x_wconf 87' lang='lat' dir='ltr'><strong>simillima</strong></span> <span class='ocrx_word' id='word_1_321' title='bbox 1421 2263 1493 2298; x_wconf 85' lang='lat' dir='ltr'><strong>est,</strong></span> <span class='ocrx_word' id='word_1_322' title='bbox 1519 2258 1620 2291; x_wconf 74' lang='lat' dir='ltr'><strong>cuius</strong></span> <span class='ocrx_word' id='word_1_323' title='bbox 1649 2269 1738 2291; x_wconf 82' lang='lat' dir='ltr'><strong>cau-</strong></span> 
     </span>
     <span class='ocr_line' id='line_1_35' title="bbox 296 2304 1736 2349; baseline 0.001 -13"><span class='ocrx_word' id='word_1_324' title='bbox 296 2304 366 2336; x_wconf 85' lang='lat' dir='ltr'><em>lem</em></span> <span class='ocrx_word' id='word_1_325' title='bbox 393 2304 546 2337; x_wconf 82' lang='lat' dir='ltr'><strong>Isthmus</strong></span> <span class='ocrx_word' id='word_1_326' title='bbox 573 2304 691 2338; x_wconf 80' lang='lat' dir='ltr'><strong>refert.</strong></span> <span class='ocrx_word' id='word_1_327' title='bbox 718 2306 755 2337; x_wconf 89' lang='lat' dir='ltr'><strong>in</strong></span> <span class='ocrx_word' id='word_1_328' title='bbox 782 2315 822 2337; x_wconf 89' lang='lat' dir='ltr'><strong>eo</strong></span> <span class='ocrx_word' id='word_1_329' title='bbox 839 2306 1012 2337; x_wconf 71' lang='lat' dir='ltr'><strong>exstruxit</strong></span> <span class='ocrx_word' id='word_1_330' title='bbox 1036 2306 1226 2349; x_wconf 79' lang='lat' dir='ltr'><strong>imperator</strong></span> <span class='ocrx_word' id='word_1_331' title='bbox 1248 2311 1361 2338; x_wconf 88' lang='lat' dir='ltr'><strong>turres</strong></span> <span class='ocrx_word' id='word_1_332' title='bbox 1389 2310 1531 2338; x_wconf 87' lang='lat' dir='ltr'><strong>centum</strong></span> <span class='ocrx_word' id='word_1_333' title='bbox 1555 2305 1736 2349; x_wconf 78' lang='lat' dir='ltr'><strong>quiuqua-</strong></span> 
     </span>
     <span class='ocr_line' id='line_1_36' title="bbox 296 2350 1736 2396; baseline 0.001 -14"><span class='ocrx_word' id='word_1_334' title='bbox 296 2351 393 2394; x_wconf 79' lang='lat' dir='ltr'><strong>ginta</strong></span> <span class='ocrx_word' id='word_1_335' title='bbox 419 2357 501 2384; x_wconf 87' lang='lat' dir='ltr'><strong>tres.</strong></span> <span class='ocrx_word' id='word_1_336' title='bbox 547 2351 761 2385; x_wconf 83' lang='lat' dir='ltr'><strong>invenerunt</strong></span> <span class='ocrx_word' id='word_1_337' title='bbox 782 2357 858 2384; x_wconf 86' lang='lat' dir='ltr'><em>tum</em></span> <span class='ocrx_word' id='word_1_338' title='bbox 884 2352 922 2383; x_wconf 88' lang='lat' dir='ltr'><strong>in</strong></span> <span class='ocrx_word' id='word_1_339' title='bbox 945 2363 1116 2384; x_wconf 81' lang='lat' dir='ltr'><strong>marmore.</strong></span> <span class='ocrx_word' id='word_1_340' title='bbox 1142 2352 1203 2385; x_wconf 86' lang='lat' dir='ltr'><em>has</em></span> <span class='ocrx_word' id='word_1_341' title='bbox 1227 2352 1364 2384; x_wconf 83' lang='lat' dir='ltr'><strong>litteras</strong></span> <span class='ocrx_word' id='word_1_342' title='bbox 1390 2352 1604 2396; x_wconf 82' lang='lat' dir='ltr'><strong>insculptas:</strong></span> <span class='ocrx_word' id='word_1_343' title='bbox 1638 2350 1658 2363; x_wconf 77' lang='lat'><em>‘⁸</em></span> <span class='ocrx_word' id='word_1_344' title='bbox 1675 2352 1736 2384; x_wconf 83' lang='lat' dir='ltr'><strong>lu-</strong></span> 
     </span>
     <span class='ocr_line' id='line_1_37' title="bbox 296 2397 1806 2443; baseline 0.001 -13"><span class='ocrx_word' id='word_1_345' title='bbox 296 2409 376 2430; x_wconf 87' lang='lat' dir='ltr'><strong>men</strong></span> <span class='ocrx_word' id='word_1_346' title='bbox 401 2409 443 2430; x_wconf 82' lang='lat' dir='ltr'><strong>ex</strong></span> <span class='ocrx_word' id='word_1_347' title='bbox 465 2398 618 2437; x_wconf 89' lang='lat' dir='ltr'><strong>lumine,</strong></span> <span class='ocrx_word' id='word_1_348' title='bbox 643 2397 730 2431; x_wconf 89' lang='lat' dir='ltr'><strong>deus</strong></span> <span class='ocrx_word' id='word_1_349' title='bbox 752 2409 855 2431; x_wconf 86' lang='lat' dir='ltr'><strong>verus</strong></span> <span class='ocrx_word' id='word_1_350' title='bbox 881 2409 923 2430; x_wconf 82' lang='lat' dir='ltr'><strong>ex</strong></span> <span class='ocrx_word' id='word_1_351' title='bbox 948 2398 1016 2431; x_wconf 91' lang='lat' dir='ltr'><strong>deo</strong></span> <span class='ocrx_word' id='word_1_352' title='bbox 1042 2410 1126 2431; x_wconf 84' lang='lat' dir='ltr'><strong>vero</strong></span> <span class='ocrx_word' id='word_1_353' title='bbox 1153 2398 1332 2432; x_wconf 83' lang='lat' dir='ltr'><strong>custodiat</strong></span> <span class='ocrx_word' id='word_1_354' title='bbox 1355 2398 1605 2443; x_wconf 82' lang='lat' dir='ltr'><strong>imperatorem</strong></span> <span class='ocrx_word' id='word_1_355' title='bbox 1630 2398 1739 2431; x_wconf 72' lang='lat' dir='ltr'><strong>Iusti·</strong></span> <span class='ocrx_word' id='word_1_356' title='bbox 1802 2426 1806 2442; x_wconf 42' lang='grc' dir='ltr'><em>Ξ</em></span> 
     </span>
     <span class='ocr_line' id='line_1_38' title="bbox 296 2444 1806 2487; baseline 0.001 -11"><span class='ocrx_word' id='word_1_357' title='bbox 296 2445 442 2477; x_wconf 84' lang='lat' dir='ltr'><strong>nianum</strong></span> <span class='ocrx_word' id='word_1_358' title='bbox 478 2451 512 2479; x_wconf 76' lang='lat' dir='ltr'><em>et</em></span> <span class='ocrx_word' id='word_1_359' title='bbox 540 2444 683 2477; x_wconf 80' lang='lat' dir='ltr'><strong>fidelem</strong></span> <span class='ocrx_word' id='word_1_360' title='bbox 709 2445 786 2478; x_wconf 82' lang='lat' dir='ltr'><strong>eius</strong></span> <span class='ocrx_word' id='word_1_361' title='bbox 816 2445 1013 2478; x_wconf 88' lang='lat' dir='ltr'><strong>ministrum</strong></span> <span class='ocrx_word' id='word_1_362' title='bbox 1038 2445 1260 2478; x_wconf 85' lang='lat' dir='ltr'><strong>Victorinum</strong></span> <span class='ocrx_word' id='word_1_363' title='bbox 1287 2451 1323 2478; x_wconf 89' lang='lat' dir='ltr'><em>et</em></span> <span class='ocrx_word' id='word_1_364' title='bbox 1347 2456 1468 2478; x_wconf 82' lang='lat' dir='ltr'><strong>omnes</strong></span> <span class='ocrx_word' id='word_1_365' title='bbox 1485 2445 1654 2479; x_wconf 79' lang='lat' dir='ltr'><strong>Graeciae</strong></span> <span class='ocrx_word' id='word_1_366' title='bbox 1678 2446 1739 2478; x_wconf 77' lang='lat' dir='ltr'><strong>in-</strong></span> <span class='ocrx_word' id='word_1_367' title='bbox 1796 2455 1806 2487; x_wconf 67' lang='grc' dir='ltr'><em>,ξ</em></span> 
     </span>
     <span class='ocr_line' id='line_1_39' title="bbox 297 2489 1806 2536; baseline 0.001 -13"><span class='ocrx_word' id='word_1_368' title='bbox 297 2491 404 2531; x_wconf 81' lang='lat' dir='ltr'><strong>colas,</strong></span> <span class='ocrx_word' id='word_1_369' title='bbox 433 2491 495 2536; x_wconf 86' lang='lat' dir='ltr'><em>qui</em></span> <span class='ocrx_word' id='word_1_370' title='bbox 519 2491 627 2524; x_wconf 82' lang='lat' dir='ltr'><strong>vitam</strong></span> <span class='ocrx_word' id='word_1_371' title='bbox 653 2492 875 2525; x_wconf 83' lang='lat' dir='ltr'><strong>conformant</strong></span> <span class='ocrx_word' id='word_1_372' title='bbox 899 2491 944 2524; x_wconf 83' lang='lat' dir='ltr'><em>ad</em></span> <span class='ocrx_word' id='word_1_373' title='bbox 971 2492 1191 2525; x_wconf 87' lang='lat' dir='ltr'><strong>voluntatem</strong></span> <span class='ocrx_word' id='word_1_374' title='bbox 1218 2490 1309 2524; x_wconf 88' lang='lat' dir='ltr'><strong>dei.”</strong></span> <span class='ocrx_word' id='word_1_375' title='bbox 1795 2489 1806 2532; x_wconf 64' lang='lat' dir='ltr'><strong><em>j</em></strong></span> 
     </span>
     <span class='ocr_line' id='line_1_40' title="bbox 390 2538 1801 2583; baseline 0 -13"><span class='ocrx_word' id='word_1_376' title='bbox 390 2539 491 2570; x_wconf 82' lang='lat' dir='ltr'><strong>Anno</strong></span> <span class='ocrx_word' id='word_1_377' title='bbox 515 2538 618 2581; x_wconf 70' lang='lat'><strong>6914,</strong></span> <span class='ocrx_word' id='word_1_378' title='bbox 647 2550 768 2571; x_wconf 81' lang='lat' dir='ltr'><strong>mense</strong></span> <span class='ocrx_word' id='word_1_379' title='bbox 790 2539 925 2578; x_wconf 85' lang='lat' dir='ltr'><strong>Martio,</strong></span> <span class='ocrx_word' id='word_1_380' title='bbox 947 2539 1139 2583; x_wconf 79' lang='lat' dir='ltr'><strong>imperator</strong></span> <span class='ocrx_word' id='word_1_381' title='bbox 1164 2545 1216 2579; x_wconf 86' lang='lat' dir='ltr'><em>et,</em></span> <span class='ocrx_word' id='word_1_382' title='bbox 1244 2539 1304 2583; x_wconf 91' lang='lat' dir='ltr'><em>qui</em></span> <span class='ocrx_word' id='word_1_383' title='bbox 1332 2549 1411 2570; x_wconf 90' lang='lat' dir='ltr'><em>eum</em></span> <span class='ocrx_word' id='word_1_384' title='bbox 1437 2539 1624 2571; x_wconf 79' lang='lat' dir='ltr'><strong>comitatus</strong></span> <span class='ocrx_word' id='word_1_385' title='bbox 1649 2543 1736 2577; x_wconf 79' lang='lat' dir='ltr'><strong>erat,</strong></span> <span class='ocrx_word' id='word_1_386' title='bbox 1796 2539 1801 2541; x_wconf 71' lang='grc'><em>“</em></span> 
     </span>
     <span class='ocr_line' id='line_1_41' title="bbox 296 2584 1736 2630; baseline 0.001 -15"><span class='ocrx_word' id='word_1_387' title='bbox 296 2595 479 2628; x_wconf 85' lang='lat' dir='ltr'><strong>procerum</strong></span> <span class='ocrx_word' id='word_1_388' title='bbox 496 2584 584 2617; x_wconf 86' lang='lat' dir='ltr'><strong>ordo</strong></span> <span class='ocrx_word' id='word_1_389' title='bbox 599 2586 795 2627; x_wconf 87' lang='lat' dir='ltr'><strong>universus,</strong></span> <span class='ocrx_word' id='word_1_390' title='bbox 807 2586 945 2630; x_wconf 84' lang='lat' dir='ltr'><strong>Cpolim</strong></span> <span class='ocrx_word' id='word_1_391' title='bbox 962 2586 1159 2618; x_wconf 86' lang='lat' dir='ltr'><strong>redierunt:</strong></span> <span class='ocrx_word' id='word_1_392' title='bbox 1177 2597 1247 2630; x_wconf 83' lang='lat' dir='ltr'><strong>quo</strong></span> <span class='ocrx_word' id='word_1_393' title='bbox 1260 2584 1385 2617; x_wconf 88' lang='lat' dir='ltr'><strong>eodem</strong></span> <span class='ocrx_word' id='word_1_394' title='bbox 1402 2596 1533 2625; x_wconf 87' lang='lat' dir='ltr'><strong>mense,</strong></span> <span class='ocrx_word' id='word_1_395' title='bbox 1546 2590 1628 2629; x_wconf 88' lang='lat' dir='ltr'><strong>post</strong></span> <span class='ocrx_word' id='word_1_396' title='bbox 1637 2584 1736 2617; x_wconf 82' lang='lat' dir='ltr'><strong>illius</strong></span> 
     </span>
     <span class='ocr_line' id='line_1_42' title="bbox 298 2630 1806 2677; baseline 0.001 -15"><span class='ocrx_word' id='word_1_397' title='bbox 298 2630 509 2669; x_wconf 83' lang='lat' dir='ltr'><strong>adventum,</strong></span> <span class='ocrx_word' id='word_1_398' title='bbox 535 2632 685 2665; x_wconf 83' lang='lat' dir='ltr'><strong>excessit</strong></span> <span class='ocrx_word' id='word_1_399' title='bbox 708 2643 727 2665; x_wconf 86' lang='lat' dir='ltr'><strong>e</strong></span> <span class='ocrx_word' id='word_1_400' title='bbox 751 2633 839 2666; x_wconf 81' lang='lat' dir='ltr'><strong>vivis</strong></span> <span class='ocrx_word' id='word_1_401' title='bbox 862 2633 1070 2676; x_wconf 84' lang='lat' dir='ltr'><strong>Euthymius</strong></span> <span class='ocrx_word' id='word_1_402' title='bbox 1094 2632 1293 2677; x_wconf 81' lang='lat' dir='ltr'><strong>patriarcha</strong></span> <span class='ocrx_word' id='word_1_403' title='bbox 1309 2656 1318 2672; x_wconf 91' lang='lat'><strong>,</strong></span> <span class='ocrx_word' id='word_1_404' title='bbox 1351 2633 1388 2663; x_wconf 93' lang='lat' dir='ltr'><strong>in</strong></span> <span class='ocrx_word' id='word_1_405' title='bbox 1413 2632 1511 2664; x_wconf 84' lang='lat' dir='ltr'><strong>cuius</strong></span> <span class='ocrx_word' id='word_1_406' title='bbox 1537 2631 1652 2664; x_wconf 89' lang='lat' dir='ltr'><strong>locum</strong></span> <span class='ocrx_word' id='word_1_407' title='bbox 1675 2630 1740 2664; x_wconf 76' lang='lat' dir='ltr'><strong>die</strong></span> <span class='ocrx_word' id='word_1_408' title='bbox 1797 2653 1806 2672; x_wconf 30' lang='grc' dir='ltr'><em>ν,</em></span> 
     </span>
     <span class='ocr_line' id='line_1_43' title="bbox 298 2677 1736 2723; baseline 0 -14"><span class='ocrx_word' id='word_1_409' title='bbox 298 2677 384 2709; x_wconf 77' lang='lat' dir='ltr'>Maii</span> <span class='ocrx_word' id='word_1_410' title='bbox 410 2687 448 2710; x_wconf 79' lang='lat'><em>21</em></span> <span class='ocrx_word' id='word_1_411' title='bbox 479 2678 638 2711; x_wconf 86' lang='lat' dir='ltr'><strong>eiusdem</strong></span> <span class='ocrx_word' id='word_1_412' title='bbox 669 2680 752 2712; x_wconf 89' lang='lat' dir='ltr'><strong>anni</strong></span> <span class='ocrx_word' id='word_1_413' title='bbox 789 2685 991 2723; x_wconf 80' lang='lat' dir='ltr'><strong>surrogatus</strong></span> <span class='ocrx_word' id='word_1_414' title='bbox 1025 2685 1080 2712; x_wconf 80' lang='lat' dir='ltr'><em>est</em></span> <span class='ocrx_word' id='word_1_415' title='bbox 1112 2678 1306 2723; x_wconf 84' lang='lat' dir='ltr'><strong>Iosephus,</strong></span> <span class='ocrx_word' id='word_1_416' title='bbox 1344 2678 1571 2723; x_wconf 82' lang='lat' dir='ltr'><strong>metropolita</strong></span> <span class='ocrx_word' id='word_1_417' title='bbox 1595 2677 1736 2722; x_wconf 85' lang='lat' dir='ltr'><strong>Ephesi.</strong></span> 
     </span>
     <span class='ocr_line' id='line_1_44' title="bbox 299 2724 1806 2772; baseline 0 -15"><span class='ocrx_word' id='word_1_418' title='bbox 299 2734 392 2757; x_wconf 80' lang='lat' dir='ltr'><strong>anno</strong></span> <span class='ocrx_word' id='word_1_419' title='bbox 419 2724 533 2768; x_wconf 80' lang='lat'><strong>6915,</strong></span> <span class='ocrx_word' id='word_1_420' title='bbox 559 2726 755 2759; x_wconf 74' lang='lat' dir='ltr'><strong>autumnali</strong></span> <span class='ocrx_word' id='word_1_421' title='bbox 778 2732 1010 2772; x_wconf 79' lang='lat' dir='ltr'><strong>tempestate,</strong></span> <span class='ocrx_word' id='word_1_422' title='bbox 1038 2727 1232 2771; x_wconf 82' lang='lat' dir='ltr'><strong>imperator</strong></span> <span class='ocrx_word' id='word_1_423' title='bbox 1259 2725 1447 2766; x_wconf 75' lang='lat' dir='ltr'><strong>Iohannes,</strong></span> <span class='ocrx_word' id='word_1_424' title='bbox 1472 2735 1594 2770; x_wconf 88' lang='lat' dir='ltr'><strong>quum,</strong></span> <span class='ocrx_word' id='word_1_425' title='bbox 1619 2725 1655 2757; x_wconf 87' lang='lat' dir='ltr'><strong>in</strong></span> <span class='ocrx_word' id='word_1_426' title='bbox 1673 2724 1742 2756; x_wconf 74' lang='lat' dir='ltr'><strong>Pe..</strong></span> <span class='ocrx_word' id='word_1_427' title='bbox 1798 2745 1806 2770; x_wconf 54' lang='grc'><em>,-</em></span> 
     </span>
    </p>
   </div>
  </div>
 </body>
</html>
