1806 3190
569 170 669 209 Lm.
710 170 780 209 lv.
823 167 941 212 οΑΡ,
970 169 1043 208 111.
1420 149 1530 230 347

103 263 216 320 ἔστη,
247 263 353 308 ἀλλὰ
384 264 453 307 καὶ
478 268 708 322 περαιτέρω
734 268 903 322 προέβη.
927 266 973 309 τι’
994 265 1073 321 γάρ
1105 266 1178 320 τῆς
1203 262 1398 320 τοιαύτης
1422 266 1536 319 (ὀμό-

103 347 222 386 τητος
251 332 324 372 καί
360 333 682 386 μισανθρωπίας
719 337 863 386 χεῖρον
900 334 1046 386 γένοιτ’
1089 325 1167 383 ἄν,
1208 328 1315 372 ὥστε
1343 332 1537 386 φονεύειν

101 397 233 451 μηδὲν
259 395 527 450 ἠδικηκόταςς
567 397 639 439 καί
662 395 743 451 γάρ
775 396 933 440 όπόταν
960 397 1177 439 οἴπὲλθωσι
1205 395 1538 450 Μουσουλμάνοι

102 460 202 514 πρὸς
234 461 412 514 πόλεμον
440 461 513 504 καί
539 464 583 504 ἐν
608 465 666 518 τῷ
698 466 862 519 πολέμῳ
894 466 998 520 πέσῃ
1026 479 1090 512 τις
1132 466 1174 513 ἐξ
1205 462 1357 515 αὐτῶν,
1389 464 1440 504 ου’
1467 468 1535 505 λο-

12 540 15 562 ῑ
42 528 286 581 ἱὸγιζονται
323 525 502 578 ἑαυτούς
544 530 686 578 α’ξιόυς
723 530 924 581 μέμψεως
963 529 1020 577 ὥς
1050 531 1210 577 αἰτίους
1237 531 1312 570 τοῦ
1340 531 1536 583 πολέμου,

74 606 78 611 ·
102 594 193 634 ἀλλ’
221 591 292 634 ε’πί
318 592 362 634 τὸ
389 593 527 647 νεκρὸν
558 596 680 647 σῶμα
708 596 782 635 τοῦ
815 594 1078 643 πεπτωκότος
1104 591 1340 649 σφάττουσι
1369 596 1538 647 ζῶντας,

103 655 227 707 ὅσους
254 655 307 700 (ἲν
335 661 495 716 δυνηθῇ
520 662 690 708 ἕκαστος
709 675 722 688 ·
778 662 850 701 καί
883 656 980 701 ὅσον
1012 662 1180 708 πλείους
1204 662 1366 713 κτείνει,
1394 662 1539 702 τοσοῦ-

101 739 174 765 τον
210 725 441 778 λογίζονται
480 725 687 781 ὠφέλειαν
726 727 798 780 τῆς
832 727 907 767 τοῦ
939 728 1166 774 τεθνεῶτος
1205 729 1364 780 ψυχῆς.
1434 729 1475 768 εἰ
1501 728 1538 768 δ’

103 787 204 838 ἴσως
237 789 312 830 οὐκ
349 788 439 843 ἔχει
471 790 722 845 α’νθριόπους
755 794 814 840 εἰς
843 792 1033 842 ἐξουσίαν
1074 791 1210 832 αὑτοῦ
1235 791 1258 832 ὅ
1289 790 1578 845 βουλόμενοςΒ

18 857 314 910 -ιοβοηθῆσαι
354 857 407 913 τῇ
445 858 521 897 τοῦ
550 860 776 906 τεθνεῶτος
814 859 958 914 ψυχῇ,
987 858 1199 907 ἐξωνεῖται
1228 855 1538 911 Χριστιανούς,

105 919 220 975 εἴπερ
253 917 385 974 εὕροι,
414 922 486 962 καί
509 918 539 976 ἢ
566 921 704 964 ἐπάνω
743 924 817 964 τοῦ
854 923 1003 977 νεκροῦ
1038 920 1233 974 σώματος
1259 923 1433 978 σφάττει
1461 924 1538 964 av'-

101 984 201 1034 τοὺς
231 982 259 1040 ἢ
291 988 362 1028 ἐπὶ
391 988 450 1044 τῷ
477 987 597 1044 τάφῳ
626 988 775 1030 αὐτοῦ.
844 991 914 1028 καί
955 987 977 1028 ὅ
1013 990 1147 1030 ταῦτα
1192 991 1424 1041 νομοθετῶν
1452 991 1540 1037 πῶς

100 1049 183 1093 α’πό
215 1055 343 1104 θεοῦ,·
373 1049 433 1093 ἔτι
461 1057 681 1105 νομοθετεῖ
705 1051 772 1095 ὅτι
814 1053 838 1094 ὅ
871 1055 968 1102 ὃοὺς
997 1055 1048 1109 τῇ
1075 1052 1206 1111 πόρνῃ
1234 1057 1438 1107 μίσθωμα
1467 1056 1540 1096 καί

99 1119 313 1172 κοιμηθεὶς
328 1123 418 1170 μετ’
447 1119 575 1172 αὐτῆς
607 1120 659 1159 ου’
659 1135 688 1172 χ
716 1116 968 1175 ἁμαρτάνει·
1000 1118 1072 1160 καί
1098 1118 1120 1159 ὅ
1148 1118 1402 1173 βιασάμενος
1430 1137 1538 1173 παρ-

40 1175 221 1226 ιῧθένον
251 1180 502 1237 ἁμαρτάνει,
541 1183 563 1224 ὅ
605 1186 652 1226 δὲ
684 1184 792 1237 μετὰ
823 1188 894 1239 τῆς
919 1181 1129 1240 θελήσειας
1165 1187 1295 1239 αὐτῆς
1321 1186 1538 1240 κοιμηθείς

97 1252 184 1300 μετ’
211 1249 343 1302 αὐτῆς
372 1251 425 1290 ου’
424 1265 453 1302 χ
480 1247 733 1303 ἁμαρτάνει·
789 1250 859 1293 καὶ
886 1249 960 1293 ἐὰν
997 1250 1314 1304 αἰχμαλωτίδας
1338 1267 1400 1300 τις
1428 1250 1534 1309 λάβῃ

97 1315 143 1355 ἐν
170 1313 358 1371 πολέμῳ,
386 1312 541 1365 ἔξεστιν
569 1317 632 1356 ἐπ’
663 1316 815 1364 αὐταῖς
833 1319 1001 1370 ποιῆσαι
1030 1315 1055 1357 ὃ
1080 1314 1276 1369 βούλεται
1301 1313 1535 1367 ἇκωλὺτως.

97 1377 122 1418 ὅ
149 1380 248 1433 γοῦν
284 1381 476 1437 πορνείας
517 1383 590 1423 καί
635 1384 1007 1439 παρθενοφθορίας
1048 1385 1289 1435 νομοθετῶν
1325 1384 1414 1432 πῶς
1450 1381 1533 1426 α’πό

96 1446 227 1495 θεοῧ,·

15 1526 87 1555 ¹20
208 1512 301 1552 Καὶ
341 1508 388 1553 τὸ
420 1509 469 1565 δὴ
510 1510 720 1566 χείριστον
746 1509 812 1553 ὅτι
847 1510 944 1561 τούς
974 1511 1080 1554 κατὰ
1108 1513 1181 1568 τὴν
1215 1512 1432 1571 οἷποδοχὴν
1459 1514 1537 1557 τοῦ

96 1578 202 1617 θεοῦ
229 1577 594 1631 περιπατήσαντας
631 1581 675 1620 ἐν
698 1580 753 1635 τῷ
782 1576 957 1631 παρόντι
995 1582 1115 1621 αἰῶνι
1143 1579 1245 1632 μετὰ
1277 1579 1354 1634 τήν
1382 1580 1534 1622 ἐνθάδε

97 1642 325 1695 ἀποβίωσιν
364 1642 505 1685 αὐτῶν
542 1643 700 1699 λουτρὰ
726 1646 798 1686 καί
825 1643 960 1693 οἴκους
998 1650 1260 1699 περικαλλεῖς
1291 1648 1364 1688 καί
1387 1652 1534 1700 γυναῖ-

96 1722 171 1756 κας
197 1709 433 1763 παρθένους
468 1704 532 1750 ὅτι
573 1709 729 1759 πολλάς
768 1709 1034 1764 ὑπισχνεῖται
1077 1710 1337 1767 δοθήσεσθαι
1375 1709 1532 1769 ἑκάστῳ

195 1817 247 1850 ι5.
275 1821 510 1865 συνευρεθεὶς
534 1820 620 1868 αὐτῇ
646 1821 671 1855 Ρ
786 1831 841 1855 21.
866 1821 1015 1858 ἐνθένδε
1040 1823 1066 1856 Ρ

97 1925 143 1961 ad
168 1925 236 1961 hoc
255 1927 429 1963 duntaxat
451 1931 654 1975 pravitatis,
678 1932 741 1965 sed
783 1934 889 1967 etiam
916 1934 1065 1968 ulterius
1102 1946 1303 1980 processum
1328 1942 1392 1970 est.
1440 1938 1530 1983 quid

99 1974 197 2007 enim
224 1976 291 2008 ista
315 1976 533 2011 immanitate
559 1983 595 2011 et
618 1980 764 2012 saevitia
792 1982 937 2025 cogitari
962 1982 1139 2015 crudelius
1163 1988 1294 2028 potest,
1319 1995 1423 2028 quam
1450 1990 1529 2018 tru-

97 2021 234 2062 cidare,
260 2023 323 2067 qui
348 2023 440 2056 nihil
462 2025 678 2069 peccarunt?
728 2028 1010 2074 quotiescunque
1036 2030 1127 2062 enim
1154 2030 1199 2062 ad
1222 2041 1374 2074 pugnam
1400 2040 1529 2076 proce-

97 2067 187 2101 dunt
200 2069 419 2104 Musulmaui
446 2077 483 2104 et
498 2083 619 2105 eorum
645 2073 723 2118 quis
741 2075 878 2118 proelio
907 2075 1091 2117 occiditur,
1115 2089 1189 2110 non
1218 2088 1254 2110 se
1284 2078 1530 2112 criminatione

96 2114 221 2159 dignos
246 2121 386 2161 putant,
414 2123 454 2151 ut
476 2125 636 2152 auctores
660 2120 766 2161 belli,
792 2122 854 2155 sed
887 2123 926 2155 in
951 2124 1059 2156 occisi
1099 2123 1268 2156 cadavere
1292 2124 1391 2157 vivos
1416 2127 1529 2159 truci-

96 2161 194 2203 dant,
222 2169 311 2208 quot
336 2164 488 2210 quisque
516 2172 646 2211 potest,
672 2179 712 2200 ac
738 2175 870 2213 quanto
897 2170 977 2215 quis
1002 2170 1122 2215 plures
1148 2177 1263 2210 necat,
1289 2176 1387 2203 tanto
1413 2174 1529 2205 maio-

95 2218 167 2242 rem
189 2210 382 2244 utilitatem
409 2213 486 2245 sore
508 2219 636 2257 putant
660 2214 704 2247 ad
727 2215 875 2249 animam
902 2218 1020 2250 occisi.
1072 2218 1101 2250 si
1129 2229 1202 2250 non
1228 2217 1386 2262 possidet
1409 2219 1526 2252 homi-

94 2266 170 2297 nes,
196 2257 258 2301 qui
281 2259 414 2292 mortui
438 2260 576 2293 animae
612 2262 781 2306 opitulari
818 2263 958 2306 studet,
996 2264 1225 2304 Christianos,
1251 2264 1280 2296 si
1306 2275 1395 2310 quos
1423 2278 1528 2311 repe-

94 2302 152 2342 rit,
175 2304 316 2346 coemit,
342 2315 474 2351 eosque
494 2313 555 2340 aut
579 2318 683 2352 supra
710 2308 858 2343 cadaver
886 2312 1004 2352 occisi,
1028 2316 1090 2344 aut
1114 2312 1151 2343 in
1178 2311 1341 2355 sepulcro
1367 2313 1526 2346 eiusdem

92 2349 241 2393 iugulat.
290 2352 376 2385 talia
405 2355 466 2397 qui
490 2356 667 2400 praecipit
690 2356 866 2401 quomodo
892 2369 912 2390 a
939 2358 1006 2392 deo
1027 2360 1149 2392 missus
1177 2357 1243 2391 sit?
1291 2357 1398 2392 docet
1421 2360 1526 2401 idern,

93 2397 157 2440 qui
181 2396 263 2430 data
297 2401 450 2443 pecunia
486 2413 563 2434 cum
601 2404 785 2437 meretrice
811 2405 1036 2446 concumbat,
1066 2417 1143 2437 eum
1168 2415 1241 2437 non
1264 2416 1430 2450 peccare3
1461 2408 1523 2452 qui

91 2454 156 2488 per
186 2444 256 2477 vim
280 2446 451 2489 virginem
476 2453 624 2493 stupret‚
653 2461 733 2483 eum
762 2462 920 2496 peccare,
946 2453 1006 2497 qui
1033 2458 1149 2486 autem
1175 2463 1252 2484 cum
1279 2455 1525 2487 consentiente

91 2491 316 2532 concumbat,
344 2504 417 2526 nou
450 2506 614 2540 peccare3
659 2508 748 2542 quas
778 2499 858 2543 quis
892 2499 990 2532 bello
1017 2499 1174 2543 ceperit,
1201 2498 1244 2530 iis
1270 2500 1301 2531 ei
1326 2500 1378 2533 uti
1404 2500 1524 2541 licere,

90 2537 391 2581 quemadmodum
423 2542 522 2575 velit.
570 2545 670 2587 atqui
703 2550 825 2591 stupra
851 2551 887 2580 et
920 2546 1095 2590 virginum
1119 2545 1327 2579 vitiationes
1353 2547 1413 2593 qui
1439 2558 1524 2593 pro-

91 2582 166 2625 bat,
191 2586 374 2630 quomodo
400 2599 420 2620 a
438 2587 506 2621 deo
526 2590 650 2623 missus
675 2591 747 2625 sit?

183 2632 432 2667 Gravissimum
458 2641 575 2670 autem
599 2643 663 2677 eat,
689 2638 786 2683 quod
811 2639 872 2683 qui
898 2638 943 2671 ad
966 2638 1185 2671 voluntatem
1215 2638 1271 2672 dei
1299 2640 1335 2673 in
1359 2639 1425 2673 hac
1451 2641 1526 2674 vita

91 2687 127 2709 se
153 2681 429 2724 composuerint,
459 2682 501 2715 iis
525 2684 671 2728 singulis
706 2691 786 2730 post
812 2691 959 2718 mortem
991 2685 1137 2719 balneas
1161 2691 1198 2719 et
1222 2686 1328 2720 aedes
1356 2686 1524 2732 pulcher-

90 2724 194 2759 rimas
218 2726 442 2775 virginesque
465 2729 634 2775 plurimas
659 2743 677 2765 a
705 2731 772 2766 deo
798 2732 917 2767 datum
942 2732 984 2766 iri
1008 2733 1212 2779 pollicetur.
1237 2738 1274 2768 et
1297 2734 1394 2780 quod
1411 2735 1522 2769 Grae-
