1806 3190
209 891 239 923 R

259 137 273 170 1
292 137 317 170 2
658 136 881 176 GliORG-ll
923 135 1237 175 PHRANTZAE

247 232 468 287 λαιολόγον,
493 234 824 285 ἀνακαλούμενος
849 232 974 275 αὐτὸν
994 234 1065 275 καί
1082 230 1236 287 πολλήν
1255 227 1581 284 ὑπισχνούμενος
1603 231 1680 284 τὴν

247 298 441 352 στοργήν,
470 299 543 339 καί
569 297 732 352 ἔνορκον
761 296 904 351 ἔχοντα
937 298 1013 354 τὴν
1039 300 1274 354 ἀσφάλειαν
1302 291 1676 348 ὦνδιελάμβανεν.

248 362 321 404 καί
347 361 478 412 οὕτως
506 363 628 404 πάλιν
647 361 719 403 τόν
737 365 999 444 Κομνηνὸν“
977 383 998 419 η
1025 365 1242 415 Ῥωμαίων
1267 365 1319 416 γῆ
1335 360 1469 415 ἔλαβε.
1525 360 1679 436 ομοίως

246 431 408 480 πρῶτον
437 445 504 470 και
547 427 671 475 αὐτὸς
706 428 812 480 μετά
853 426 985 483 ὅρκων
1025 428 1403 485 φρικωδεστάτων
1396 428 1564 468 δέδωκε
1603 426 1680 480 τὴν

247 493 480 550 α’σφάλειαν
509 493 613 546 πρὸς
639 492 709 534 τὸν
736 494 1041 549 αὐτοκράτορα,
1084 492 1190 536 ὥστε
1225 495 1418 546 ἐμμένειν
1446 491 1514 534 αἐἰ
1540 490 1716 542 πιστὸς5
1747 523 1752 538 1,

247 558 318 600 καὶ
334 558 674 612 ὑποτεταγμένος,
705 560 776 600 καί
793 558 851 614 μὴ
868 562 1014 615 ζητεῖν
1038 562 1135 602 ποτὲ
1161 561 1427 614 βασιλεῦσαι,
1455 558 1550 600 ἀλλ’
1569 556 1681 612 ἔχειν

245 624 321 679 τήν
349 619 514 665 εὔνοιαν
538 626 611 665 καί
635 623 712 678 τήν
738 624 911 680 στοργην
938 623 1038 679 πρός
1067 642 1110 666 τε
1146 623 1215 667 τὸν
1257 626 1432 678 βασιλέα
1463 619 1682 678 Θεόδωρον

246 687 410 732 καὶτὸν
446 687 539 732 υἱὸν
571 690 698 732 αὐτοῦ
729 691 919 746 Ἰωάννην
947 693 1019 732 καί
1052 691 1150 740 τοὺς
1181 693 1330 746 ἐφεξῆς
1357 690 1583 743 διαδόχους
1606 689 1683 742 τῆς

245 757 468 808 βασιλείας.
525 758 597 798 καί
624 757 694 797 ἑπί
709 757 829 798 τοῦτο
858 756 981 798 πάλιν
1006 755 1029 797 ὅ
1058 754 1256 809 βασιλεὺς
1280 757 1411 809 μέγαν
1439 750 1692 797 κοντόσταυ-’

246 825 315 862 λον
342 822 555 876 ἐτίμησεν,
589 821 730 870 καθώς
754 821 882 871 αὐτὸς
910 818 996 877 εἶχε
1026 823 1096 863 καί
1121 821 1325 878 πρότερον.

353 887 416 927 Ἐν
448 887 583 944 τούτῳ
621 890 722 940 γοῦν
761 887 1068 941 ἀσχολούμενος
1107 887 1127 930 ὃ
1165 886 1362 941 βασιλεὺς
1389 885 1583 942 ἀσθενείᾳ
1611 900 1681 926 πε-

249 949 430 1005 ριπεσών
466 951 678 1010 βαρυτάτῃ
718 954 760 1004 ἐξ
793 953 1026 1008 α’νθρώπων
1052 951 1252 1008 ἐγεγόνει,
1281 953 1353 993 καί
1389 953 1489 1005 πρὶν
1515 952 1588 1004 τῆς
1616 965 1678 991 τε·

249 1019 396 1072 λευτῆς
423 1017 557 1058 αὐτοῦ
585 1019 772 1072 μοναχὸς
807 1019 1048 1072 γενόμενος,
1089 1020 1327 1060 καταλιπών
1355 1019 1573 1070 ἐπίτροπον
1596 1017 1682 1057 ,τῶν

1701 820 1762 865 ιό

247 1085 472 1135 βασιλικῶν
499 1082 752 1137 πραγμάτων
776 1084 988 1139 Ἀρσὲνιον
1009 1083 1078 1126 τὸν
1095 1081 1358 1138 πατριάρχην
1388 1081 1458 1124 καί
1473 1080 1682 1135 Γεώργιον
1710 1091 1713 1094 ’

245 1148 314 1193 τὸν
339 1150 608 1200 ῙΙῙουζάλωνα
639 1149 1017 1203 πρωτοβεστιάριον
1047 1144 1170 1201 ὄντα,
1203 1151 1351 1203 μέχρις
1381 1146 1402 1188 ὅ
1434 1145 1528 1197 νῖὀς
1552 1143 1682 1189 αὐτοῦ
1699 1139 1775 1199 1552

240 1213 433 1269 Ἰωάννης
458 1216 601 1271 φθάσῃ
622 1215 681 1262 εἰς
701 1213 775 1268 τὴν
805 1215 1039 1269 α’νήκουσαν
1067 1215 1252 1269 ἡλικίαν·
1302 1209 1354 1268 ἦν
1373 1211 1452 1267 γάρ
1472 1214 1524 1269 τῇ
1543 1213 1683 1271 ἡλικίᾳ

247 1283 367 1322 ἕκτου
387 1279 507 1329 ἔτους
535 1279 555 1320 ὁ
589 1285 695 1327 παῖς.
726 1278 798 1320 καί
815 1280 858 1320 ἑν
875 1279 1030 1329 τούτοις
1058 1279 1079 1321 ὁ
1109 1280 1371 1334 πατριάρχης
1399 1279 1475 1334 τὴν
1505 1276 1682 1334 σύγκλη-

247 1362 315 1389 τον
343 1348 479 1387 πᾶσαν
508 1344 684 1395 συνάξας
704 1344 775 1386 καί
801 1346 1105 1401 δημηγορήσας,
1134 1346 1284 1393 πάντες
1313 1341 1459 1399 ὅρκους
1488 1345 1683 1398 ἐποίησαν

249 1409 445 1467 φρικτούς
473 1411 540 1452 ἵνα
572 1408 843 1466 φυλάσσωσιν
876 1410 951 1465 τήν
991 1413 1226 1463 πρέπουσαν
1257 1405 1422 1452 εὔνοιαν
1448 1409 1519 1451 καί
1545 1409 1683 1452 πίστιν

248 1475 353 1530 πρὸς
380 1474 449 1517 τὸν
470 1478 546 1517 τοῦ
569 1476 775 1529 βασιλέως
792 1474 887 1516 υἱὸν
916 1476 989 1517 καί
1009 1475 1220 1530 ὑποταγὴν
1246 1477 1305 1524 εἰς
1325 1473 1398 1517 τὸν
1413 1472 1682 1526 Μουζάλωνα
1696 1490 1746 1516 2ο
1780 1477 1782 1521 ἶ

250 1541 307 1591 ὡς
335 1542 550 1596 ἐπίτροπον
578 1541 720 1582 αὐτοῦ.
777 1539 912 1595 ὄλίγαι
940 1536 1014 1583 οὖν
1041 1543 1258 1597 παρῆλθον
1287 1541 1455 1595 ἡμέραι,
1482 1542 1559 1582 καί
1579 1555 1682 1589 τινες

348 1665 380 1686 ι.
397 1649 461 1696 τὴν
493 1665 602 1707 τιμην
625 1654 688 1687 και
699 1662 874 1711 στοργην
898 1654 922 1686 Ρ
947 1665 966 1686 a
992 1652 1147 1686 secunda
1174 1663 1296 1694 mann,
1322 1663 1401 1685 eum
1426 1652 1539 1698 prima
1563 1651 1682 1684 dedis-

341 1705 399 1733 set
432 1700 576 1734 παῦσαι
604 1713 670 1742 την
692 1699 808 1746 ὀργήν
923 1711 953 1733 2.
979 1698 1023 1742 ἢν
1050 1699 1294 1747 διελάμβανον
1320 1700 1344 1732 P
1459 1700 1491 1741 4.
1516 1710 1684 1744 (pomerum

340 1745 361 1789 ἢ
384 1746 525 1793 μᾶλλον
549 1749 665 1782 εἰπεῖν
690 1746 998 1792 φρικωδεστάτων
1023 1747 1047 1780 Ρ
1247 1749 1362 1789 ζητεῖν
1388 1743 1407 1788 ἢ
1430 1746 1552 1781 θέλειν
1574 1749 1684 1790 βασι-

340 1794 472 1828 λεῦσαί
493 1805 581 1828 ποτε
605 1794 643 1827 Μ
759 1804 790 1838 7.
814 1793 1008 1839 Θεόδωρον
1035 1804 1092 1826 om
1114 1793 1152 1826 M
1244 1796 1277 1828 8.
1303 1793 1444 1845 ἐφεξῆς]
1480 1793 1626 1839 ἑτέρους
1647 1793 1685 1824 Μ

339 1853 373 1885 9.
400 1841 616 1887 δομέστικον
641 1841 683 1881 Ρ,
708 1839 976 1875 κονῑόσταυλον
1000 1852 1119 1897 margo
1143 1840 1168 1872 P
1299 1851 1349 1872 ιι.
1375 1852 1450 1886 γαρ
1475 1839 1513 1872 Μ
1633 1849 1683 1873 12.

340 1887 448 1967 nobil
474 1890 535 1922 και
558 1890 644 1933 περὶ
668 1887 706 1920 M
827 1898 882 1921 2ι
915 1887 1050 1935 ὀλίγων
1074 1883 1143 1928 οὖν
1165 1887 1436 1933 παρελθουσων
1461 1884 1488 1934 ἦ
1486 1885 1607 1933 ιιερῶν
1630 1898 1686 1920 ἰι-

341 1945 401 1972 νες

254 2034 359 2069 modo
383 2035 537 2068 Romano
563 2035 639 2069 solo
655 2035 855 2070 Comnenus
885 2038 1069 2071 restitutus
1096 2042 1171 2077 est,
1195 2041 1381 2082 postquam
1407 2040 1444 2069 et
1469 2035 1545 2080 ipse
1568 2046 1687 2069 sacra-

254 2082 381 2116 mentis
406 2081 589 2115 horrendis
614 2095 650 2116 se
672 2083 863 2117 obstrinxit
880 2085 1096 2129 imperatori,
1119 2085 1210 2117 utin
1227 2084 1297 2116 fide
1315 2089 1350 2116 et
1374 2082 1578 2115 obedientia
1595 2094 1686 2116 sem-

244 2140 319 2174 ‘per
344 2135 514 2169 maneret,
542 2140 611 2162 neu
633 2141 787 2175 unquam
818 2137 1003 2175 appeteret
1025 2132 1221 2175 imperium,
1251 2130 1312 2162 sed
1337 2129 1624 2163 benevolentiam
1652 2137 1688 2163 et

255 2187 409 2209 amorem
446 2181 519 2209 tum
554 2177 622 2220 ipsi
657 2177 862 2221 imperatori
888 2177 1080 2211 Theodoro
1113 2183 1188 2210 tum
1212 2177 1383 2217 Iohanni,
1416 2176 1492 2209 eius
1524 2177 1619 2218 filio,
1652 2182 1689 2210 et

257 2223 429 2256 secuturis
467 2222 596 2256 deinde
631 2224 890 2258 successoribus
922 2230 1131 2269 praestaret.
1161 2223 1292 2270 quibus
1320 2223 1468 2268 peractis
1494 2203 1689 2269 imperhtor

258 2281 337 2302 eum
364 2280 482 2302 rursus
504 2281 669 2313 magnum
693 2272 952 2305 contostaulum
978 2272 1192 2313 nominavit,
1227 2282 1296 2316 qua
1321 2270 1427 2304 etiam
1452 2275 1556 2304 antea
1583 2281 1688 2304 orna-

257 2321 314 2350 tus
339 2316 455 2350 fuerat
481 2315 666 2360 dignitate.

373 2362 434 2396 His
470 2364 562 2396 curis
600 2363 775 2397 distentus
810 2364 1021 2408 imperator,
1055 2363 1182 2398 morbo
1216 2369 1398 2409 correptus
1432 2363 1634 2408 gravissimo
1669 2374 1688 2396 e

260 2409 332 2443 vita
358 2409 482 2451 cessit,
507 2421 614 2455 quum
652 2410 760 2454 paulo
789 2415 871 2444 ante
895 2417 1045 2444 mortem
1078 2410 1242 2444 monachi
1268 2410 1428 2443 habitum
1452 2409 1628 2443 induisset
1653 2415 1690 2442 et

260 2462 503 2501 procuratores
539 2457 680 2502 imperii
709 2457 893 2490 Arsenium
923 2458 1158 2502 patriarcham
1182 2464 1219 2491 et
1251 2458 1440 2501 Georgium
1465 2457 1690 2490 Muzaionem

259 2503 570 2549 protovestiarium
607 2503 845 2547 designasset,
883 2504 996 2538 donec
1028 2505 1122 2538 filius
1149 2504 1347 2545 Iohannes,
1371 2505 1433 2549 qui
1458 2509 1533 2537 tum
1558 2514 1688 2536 annum

261 2555 398 2583 sextum
422 2549 567 2594 agebat,
592 2550 637 2583 ad
662 2552 786 2584 iustam
809 2552 1029 2596 pervenisset
1055 2557 1219 2585 aetatem.
1246 2552 1366 2597 itaque
1394 2549 1604 2595 patriarcha,
1633 2561 1690 2583 se-

262 2601 350 2630 natu
377 2603 569 2630 convocato
594 2604 630 2631 et
654 2597 777 2631 habita
801 2598 996 2638 concione,
1022 2610 1143 2632 omnes
1163 2599 1199 2631 in
1227 2598 1302 2631 dira
1328 2597 1439 2641 adigit
1462 2603 1690 2634 sacramenta,

265 2642 393 2688 quibus
417 2643 569 2677 studium
607 2650 643 2678 et
670 2644 773 2678 iidem
798 2645 1020 2700 imperatoris
1045 2646 1120 2679 filio
1137 2670 1146 2685 ,
1186 2651 1222 2678 et
1246 2645 1487 2678 obedientiam
1511 2643 1690 2676 Wluzaloni

266 2690 377 2724 tutori
400 2689 487 2732 eius,
510 2690 681 2726 adiurant.
705 2697 739 2725 at
763 2692 882 2737 paucis
907 2692 1102 2727 interiectis
1128 2692 1255 2726 diebus
1273 2692 1413 2737 quidam
1433 2689 1627 2725 honoribus
1654 2697 1691 2724 et
