1806 3190
307 153 420 210 388
732 172 959 214 GEORGn
1000 169 1320 213 PHRANTZAE

306 271 456 326 σπότης
484 269 506 312 δ
535 270 611 325 κὺρ
658 271 813 322 Θωμᾶς
850 271 926 323 τήν
954 269 1137 323 Πάτραν
1173 266 1286 325 δώσῃ
1315 265 1420 321 μετὰ
1449 268 1520 322 τῆς
1550 267 1750 322 περιοχῆς

306 338 448 390 αὕτῆς,
490 334 554 378 ἔτι
598 338 644 377 δὲ
682 338 756 376 καί
797 333 848 377 τά
879 335 1140 387 Καλάβρυτα
1180 336 1254 375 καί
1279 333 1420 381 ἁπλαῖς
1448 330 1584 374 πάντα
1614 327 1694 373 ὅσα
1724 332 1749 372 ὅ

303 405 535 455 μακαρίτης
563 400 765 454 βασιλευς
795 403 1112 448 Κωνσταντῖνος
1144 397 1343 454 δεσπότης
1371 396 1430 440 αἳν
1455 399 1500 440 ἐν
1527 400 1578 454 τῇ
1610 401 1749 439 Πελο-

304 466 493 523 ποννήσῳ
523 462 650 520 εἶχεν.
709 462 815 521 ἅπερ
847 465 897 521 δή
929 465 985 514 ὠς
1012 461 1186 519 ἤκουσεν
1213 464 1234 506 ὃ
1264 462 1462 518 δεσπότης
1489 463 1568 518 κὺρ
1593 464 1750 516 Θωμᾶς

304 531 325 572 ὅ
359 531 563 585 αὖθέντης
602 530 674 572 καί
713 531 857 586 κύριος
886 527 1024 573 αὐτῶν
1064 533 1108 572 ἐν
1138 532 1190 587 τῇ
1216 530 1450 587 ΖΙῖἱαντινείᾳ
1492 526 1786 583 διαβιβάζωνό

303 598 487 650 πανοικί,
518 598 654 638 ἐλθών
688 599 746 646 εἰς
777 596 828 638 τὰ
858 598 955 651 περί
977 594 1049 651 την
1085 596 1255 651 Τρύπην
1285 595 1434 649 βουνοί,
1464 593 1568 637 ἔνθα
1600 592 1652 650 δι’]
1679 595 1752 636 καί

305 661 326 703 ὃ
357 660 542 717 α’δελφὸς
571 663 704 704 αΰτοῦ
735 658 801 717 ἦν,
830 665 902 703 καί
929 661 967 703 οἱ
998 662 1194 717 ῥηθέντες
1221 660 1475 703 καταστάται
1503 662 1588 702 τῶν
1616 659 1751 702 τοιού-

304 745 389 770 των
417 730 668 778 ιίξιεπαίνων
701 727 833 783 ἔργων
851 725 1001 783 ἦλθον·
1058 730 1130 769 καί
1157 722 1256 769 ἄνευ
1284 727 1526 782 συμβουλῆς
1553 722 1578 781 ἢ
1609 727 1752 780 οἷντιρ·

305 795 481 848 ρήσεως,
508 792 568 847 μη
598 793 776 847 ποιήσας
804 793 1011 848 ἀναβολὴν
1040 793 1254 846 οὐδεμίαν,
1285 793 1504 834 α’πέστειλε
1527 790 1598 833 τὸν
1616 789 1752 832 αὑτοῦ

304 860 438 912 μέγαν
466 857 736 914 πριμικὴριον
750 857 824 901 τὸν
840 857 1059 912 Λάζαρον,
1078 862 1149 900 καί
1175 857 1309 900 πάντα
1330 857 1381 899 τοὶ
1411 857 1591 937 ῥηθέντα
1619 851 1751 898 ἄστεα
1770 869 1798 895 n

304 925 361 981 τῷ
390 926 534 981 οῖμηρᾷ
564 926 804 979 παρέδωκεν
832 942 889 974 ως
918 922 1081 977 λα’χανα
1109 924 1256 979 κη’που.
1323 927 1372 980 τῇ
1401 926 1438 965 δ’
1466 923 1572 979 αὐτῇ
1600 921 1753 975 σχεδὸν

304 990 442 1047 ἡμέρα
471 989 564 1033 ἐπεῖ
594 987 614 1030 ὃ
646 991 812 1045 α’μηρᾶς
842 1007 894 1044 ην
942 988 1275 1043 ἀναγκαζόμενος
1302 991 1485 1039 ἐξελθεῖν
1509 991 1583 1043 τῆς
1614 992 1754 1031 Πελο-
1805 983 1806 988 ’

306 1054 513 1109 ποννήσου
549 1053 619 1096 δια
634 1072 727 1096 τινα
758 1058 921 1108 αἰτίαν,
950 1058 1206 1108 καταλείψας
1230 1053 1420 1109 Ἀμάρην
1453 1053 1527 1096 τὸν
1554 1054 1625 1096 τοῦ
1647 1057 1755 1095 Του-

306 1122 470 1176 ραχάνη
498 1120 614 1174 υἱόν,
665 1122 732 1162 ἵνα
763 1120 874 1163 αὕτᾶ
913 1121 1016 1178 λάβῃ
1059 1122 1150 1163 α’ντί
1189 1122 1265 1163 τοῦ
1293 1122 1450 1175 α’μηρᾶ,
1478 1116 1499 1160 ὅ
1531 1121 1567 1161 δ’
1595 1121 1755 1162 ἐκεῖθεν

307 1187 444 1241 διέβη.
904 1216 907 1220 ›
1772 1186 1802 1224 1!

419 1253 486 1292 16.
550 1254 618 1308 Τῷ
658 1252 949 1309 δ’Ὀκτωβρίῳ
990 1253 1091 1307 μηνί
1129 1255 1205 1293 τοῦ
1234 1251 1361 1311 ,ςέξζ
1393 1250 1510 1301 ἔτους
1537 1250 1559 1293 ὅ
1589 1253 1756 1307 α’μηρᾶς

307 1317 557 1365 α’ποστείλας
597 1321 782 1371 πρέσβυν
822 1316 930 1372 πρὸς
958 1317 1029 1359 τὸν
1058 1319 1262 1373 δεσπότην
1289 1316 1367 1372 κύρ
1397 1315 1636 1373 Δημήτριον
1669 1313 1758 1374 ᾔτει

305 1381 382 1437 τὴν
411 1385 628 1437 θυγατέρα
662 1384 799 1424 αὐτοῦ
827 1385 887 1432 εἰς
913 1388 1108 1437 γυναῖκα,
1132 1382 1182 1438 ἣν
1205 1382 1327 1436 ἔσχεν
1348 1385 1394 1424 ἐκ
1422 1385 1494 1438 τῆς
1522 1382 1654 1424 αὐτοῦ
1681 1399 1759 1424 συ-

310 1448 436 1502 ζύγου
478 1451 553 1502 τῆς
589 1450 665 1490 τοῦ
695 1447 878 1490 Παύλου
919 1450 995 1490 τοῦ
1039 1450 1194 1504 Ἀσάνη
1234 1448 1468 1503 θυγατρός,
1497 1450 1573 1489 τοῦ
1599 1446 1760 1504 πατρὸς

309 1516 574 1555 Ματθαίου·
646 1516 686 1556 εἰ
713 1516 752 1555 δ’
777 1510 852 1567 οὔ,
882 1514 998 1568 μάχη
1041 1514 1118 1556 civo}
1153 1517 1292 1557 αὐτῶν
1324 1513 1477 1556 ἔσεται.
1536 1513 1557 1554 ὁ
1590 1516 1636 1556 δὲ
1663 1515 1806 1570 περὶαι

308 1579 460 1622 τούτου
491 1581 567 1621 τοῦ
592 1582 854 1621 συνοικεσίου
894 1583 1078 1634 πρέσβυς
1116 1578 1253 1622 ἐλθών
1281 1580 1353 1622 καί
1379 1579 1480 1634 πρὸς
1507 1578 1578 1622 τὸν
1607 1580 1758 1622 δεσπό-

308 1663 382 1701 την
410 1645 489 1701 κύρ
525 1647 681 1697 Θωμᾶν
722 1647 780 1694 εἰς
808 1644 884 1700 τήν
927 1646 1136 1687 Πόντικον
1161 1647 1456 1700 εὖρισκόμενον
1485 1644 1581 1696 τούς
1611 1642 1762 1700 ὅρκους

310 1714 381 1767 τῆς
412 1712 574 1766 ἀγάπης
602 1711 846 1764 ἀπετέλεσε,
891 1713 963 1752 καί
989 1710 1038 1752 τοὶ
1079 1710 1136 1766 μὴ
1168 1710 1397 1768 φθάσαντα
1427 1708 1554 1755 ἄστεα
1583 1714 1763 1766 δοθῆναι

310 1779 367 1834 τῷ
399 1776 581 1834 αὐθέντῃ
612 1778 744 1819 αὕτοῦ
769 1775 866 1831 ἔσχε
895 1776 1001 1819 κατὰ
1041 1779 1116 1826 τὰς
1143 1777 1406 1834 συμφωνίας,
1436 1777 1494 1829 ὥς
1521 1777 1760 1834 εἰρήκαμεν,

414 1906 466 1940 18.
495 1904 594 1950 εἶχεν
621 1905 645 1938 P
761 1915 817 1939 20.
853 1905 904 1945 δέ,
933 1906 1062 1939 omisso
1087 1904 1146 1948 οὔ,
1171 1906 1196 1938 Ρ

314 2030 440 2074 bryta,
466 2035 502 2063 et
531 2029 676 2063 omnino
701 2034 840 2071 cuncta,
867 2041 959 2076 quae
984 2031 1112 2065 beatae
1145 2031 1337 2064 memoriae
1362 2031 1555 2075 imperator
1581 2029 1763 2064 Constan-
1800 2022 1806 2067 ἶ,

314 2078 414 2110 tinus
441 2075 612 2121 despota,
650 2087 759 2121 quum
797 2078 827 2110 is
861 2078 899 2110 in
929 2079 1175 2123 Peloponneso
1202 2084 1316 2118 esset,
1350 2077 1384 2110 h
1377 2078 1535 2111 ibuerat.
1584 2088 1675 2122 quae
1700 2076 1764 2111 ubi
1803 2073 1806 2100 Ϊ

316 2123 434 2156 audiit
458 2123 615 2156 Thomas
642 2123 805 2168 despota,
831 2135 953 2157 eorum
979 2125 1139 2158 dominus
1165 2130 1200 2157 et
1233 2126 1410 2169 princeps,
1435 2136 1512 2158 cum
1539 2125 1636 2157 omni
1663 2123 1767 2156 fami·
1800 2130 1806 2169 j

316 2171 367 2203 lia
392 2171 601 2204 Mantineae
626 2169 780 2214 degens,
821 2171 859 2203 in
884 2172 1053 2205 viciniam
1075 2173 1211 2216 Trypes
1247 2171 1368 2211 buna,
1403 2171 1466 2204 ubi
1491 2171 1600 2204 frater
1625 2171 1702 2204 eius
1727 2175 1765 2204 et
1801 2171 1806 2210 ἔ

318 2218 379 2250 isti
401 2228 518 2250 rerum
540 2222 611 2250 tam
634 2217 872 2250 laudabilium
886 2224 1049 2253 auctores
1071 2224 1182 2259 erant,
1207 2218 1391 2256 concessit,
1418 2230 1459 2251 ac
1483 2219 1560 2251 sine
1585 2217 1766 2251 delibera·
1800 2213 1806 2246 -²

321 2265 424 2297 tione
456 2265 514 2298 vel
543 2264 792 2297 reclamatione
823 2270 859 2298 et
885 2266 1031 2299 minime
1056 2271 1263 2299 cunctanter
1286 2266 1467 2306 Lazarum,
1494 2276 1658 2309 magnum
1687 2265 1766 2309 pri·
1800 2264 1806 2306 ’ᾗ

323 2311 508 2344 micerium
534 2322 647 2351 suum,
672 2312 769 2344 misit
790 2317 826 2344 et
841 2312 929 2351 loca,
959 2324 1049 2357 quae
1079 2313 1165 2351 dixi,
1190 2313 1319 2351 omnia,
1343 2318 1514 2357 tanquam
1539 2313 1635 2345 olera
1659 2310 1773 2351 horti,
1795 2309 1806 2356 j

324 2368 466 2390 amerae
492 2356 652 2390 tradidit.
702 2369 810 2402 quum
835 2359 962 2392 eodem
988 2360 1098 2392 ferme
1124 2359 1182 2391 die
1208 2367 1342 2391 ameras
1370 2370 1388 2392 e
1417 2359 1666 2403 Peloponneso
1692 2358 1769 2390 dis-

325 2405 451 2437 cedere
478 2416 582 2438 causa
607 2404 762 2449 quadam
786 2411 988 2448 cogeretur,
1012 2408 1185 2446 Amarem,
1213 2405 1434 2439 Turachanis
1461 2406 1584 2447 filium,
1608 2405 1671 2451 qui
1701 2404 1767 2437 illa
1795 2430 1806 2463 q

321 2463 387 2496 pro
412 2462 449 2484 se
475 2458 687 2495 occuparet,
713 2451 880 2497 reliquit,
908 2452 985 2496 ipse
1011 2453 1095 2486 iude
1119 2453 1219 2485 abiit,
1795 2455 1798 2470 ³

421 2499 471 2531 16.
522 2497 671 2534 Octobri
699 2509 819 2532 mense
844 2499 927 2531 anni
951 2500 1041 2544 6967
1067 2511 1222 2539 amerus,
1246 2499 1365 2543 legato
1391 2498 1437 2531 ad
1456 2498 1674 2531 Demetrium
1703 2497 1797 2530 de·.‘

325 2549 463 2589 spotam
488 2545 615 2586 misso,
653 2545 759 2578 huius
792 2545 904 2579 filiam
937 2546 975 2578 in
1003 2547 1269 2579 matrimonium
1305 2545 1372 2578 sibi
1399 2545 1583 2590 expetivit,
1606 2556 1711 2590 quam
1736 2545 1767 2578 is

327 2602 371 2623 ex
399 2591 497 2624 Pauli
521 2592 663 2632 Amnis,
691 2592 800 2636 patris
826 2591 1022 2633 Matthaei,
1049 2593 1134 2634 filia,
1158 2603 1268 2625 uxore
1298 2593 1469 2636 legitima,
1494 2591 1671 2625 hahebat:
1695 2591 1767 2624 nisi

329 2637 448 2678 daret,
473 2649 536 2682 pro
558 2637 661 2671 hoste
688 2649 725 2671 se
751 2650 831 2672 eum
854 2639 1069 2673 habiturum.
1118 2640 1162 2672 de
1196 2639 1265 2672 hoc
1290 2640 1455 2683 coniugio
1481 2639 1604 2672 missus
1629 2639 1767 2682 legatus

330 2684 437 2716 etiam
465 2683 511 2718 ad
547 2684 718 2718 'rhomam
753 2685 936 2731 despotam
969 2687 1104 2720 Pontici
1144 2691 1343 2720 versantem
1370 2686 1487 2726 verrit,
1522 2691 1576 2726 et,
1599 2686 1768 2730 pactione

329 2741 407 2763 cum
437 2741 480 2764 eo
508 2731 614 2774 sacta,
639 2731 774 2778 oppida
797 2733 951 2779 principi
974 2745 1038 2767 suo
1057 2732 1215 2767 nondum
1229 2733 1362 2767 donata
1374 2732 1569 2767 secundum
1595 2737 1770 2767 conventa
1792 2775 1795 2778 K
