<?xml version="1.0" encoding="UTF-8"?>
<!DOCTYPE html PUBLIC "-//W3C//DTD XHTML 1.0 Transitional//EN"
    "http://www.w3.org/TR/xhtml1/DTD/xhtml1-transitional.dtd">
<html xmlns="http://www.w3.org/1999/xhtml" xml:lang="en" lang="en">
 <head>
  <title>
</title>
<meta http-equiv="Content-Type" content="text/html;charset=utf-8" />
  <meta name='ocr-system' content='tesseract 3.04.00' />
  <meta name='ocr-capabilities' content='ocr_page ocr_carea ocr_par ocr_line ocrx_word'/>
</head>
<body>
  <div class='ocr_page' id='page_1' title='image "./corpusscriptorum19niebuoft_0538.png"; bbox 0 0 1806 3190; ppageno 0'>
   <div class='ocr_carea' id='block_1_1' title="bbox 317 107 1340 168">
    <p class='ocr_par' dir='ltr' id='par_1_1' title="bbox 317 107 1340 168">
     <span class='ocr_line' id='line_1_1' title="bbox 317 107 1340 168; baseline 0.003 -5"><span class='ocrx_word' id='word_1_1' title='bbox 317 107 428 163; x_wconf 84' lang='lat'><strong>526</strong></span> <span class='ocrx_word' id='word_1_2' title='bbox 710 127 927 168; x_wconf 67' lang='lat' dir='ltr'><strong>lomms</strong></span> <span class='ocrx_word' id='word_1_3' title='bbox 977 125 1340 168; x_wconf 75' lang='lat' dir='ltr'><strong>ANAGNOSTAE</strong></span> 
     </span>
    </p>
   </div>
   <div class='ocr_carea' id='block_1_2' title="bbox 232 223 1806 1730">
    <p class='ocr_par' dir='ltr' id='par_1_2' title="bbox 232 223 1806 1730">
     <span class='ocr_line' id='line_1_2' title="bbox 311 223 1747 281; baseline 0.003 -15"><span class='ocrx_word' id='word_1_4' title='bbox 311 227 471 277; x_wconf 77' lang='grc' dir='ltr'><strong><em>μᾶλλον</em></strong></span> <span class='ocrx_word' id='word_1_5' title='bbox 501 223 540 267; x_wconf 80' lang='grc' dir='ltr'><strong><em>οἱ</em></strong></span> <span class='ocrx_word' id='word_1_6' title='bbox 567 227 747 277; x_wconf 76' lang='grc' dir='ltr'><strong><em>πλείους,</em></strong></span> <span class='ocrx_word' id='word_1_7' title='bbox 768 225 1142 268; x_wconf 81' lang='grc' dir='ltr'><strong><em>καταπεπτώκεσαν</em></strong></span> <span class='ocrx_word' id='word_1_8' title='bbox 1162 228 1311 278; x_wconf 81' lang='grc' dir='ltr'><strong><em>τέλεον,</em></strong></span> <span class='ocrx_word' id='word_1_9' title='bbox 1335 225 1392 275; x_wconf 77' lang='grc' dir='ltr'><strong><em>ὥς</em></strong></span> <span class='ocrx_word' id='word_1_10' title='bbox 1410 229 1518 281; x_wconf 76' lang='grc' dir='ltr'><strong><em>μηδὲ</em></strong></span> <span class='ocrx_word' id='word_1_11' title='bbox 1548 231 1631 270; x_wconf 81' lang='grc' dir='ltr'><strong>ποῦ</strong></span> <span class='ocrx_word' id='word_1_12' title='bbox 1659 234 1747 271; x_wconf 86' lang='grc' dir='ltr'><strong><em>ποτ’</em></strong></span> 
     </span>
     <span class='ocr_line' id='line_1_3' title="bbox 312 287 1754 348; baseline 0.003 -17"><span class='ocrx_word' id='word_1_13' title='bbox 312 287 419 344; x_wconf 69' lang='grc' dir='ltr'><strong><em>ἦσαν</em></strong></span> <span class='ocrx_word' id='word_1_14' title='bbox 445 292 737 346; x_wconf 77' lang='grc' dir='ltr'><strong><em>γνωρίζεσθαι.</em></strong></span> <span class='ocrx_word' id='word_1_15' title='bbox 795 289 1083 346; x_wconf 78' lang='grc' dir='ltr'><strong><em>διηρπάγησαν</em></strong></span> <span class='ocrx_word' id='word_1_16' title='bbox 1122 291 1201 346; x_wconf 81' lang='grc' dir='ltr'><strong><em>γὰρ</em></strong></span> <span class='ocrx_word' id='word_1_17' title='bbox 1242 291 1286 334; x_wconf 80' lang='grc' dir='ltr'><strong>αἱ</strong></span> <span class='ocrx_word' id='word_1_18' title='bbox 1326 291 1484 335; x_wconf 84' lang='grc' dir='ltr'><strong><em>τούτων</em></strong></span> <span class='ocrx_word' id='word_1_19' title='bbox 1524 292 1652 348; x_wconf 72' lang='grc' dir='ltr'><strong><em>ὕλαι,</em></strong></span> <span class='ocrx_word' id='word_1_20' title='bbox 1681 295 1754 336; x_wconf 79' lang='grc' dir='ltr'><strong><em>καί</em></strong></span> 
     </span>
     <span class='ocr_line' id='line_1_4' title="bbox 232 354 1752 414; baseline 0.003 -17"><span class='ocrx_word' id='word_1_21' title='bbox 232 364 300 407; x_wconf 86' lang='lat'><strong>369</strong></span> <span class='ocrx_word' id='word_1_22' title='bbox 313 357 531 410; x_wconf 81' lang='grc' dir='ltr'><strong><em>κτίσμασιν</em></strong></span> <span class='ocrx_word' id='word_1_23' title='bbox 559 354 699 404; x_wconf 77' lang='grc' dir='ltr'><strong><em>ἄλλοις</em></strong></span> <span class='ocrx_word' id='word_1_24' title='bbox 735 359 1047 412; x_wconf 68' lang='grc' dir='ltr'><strong><em>προσετέθησαν</em></strong></span> <span class='ocrx_word' id='word_1_25' title='bbox 1075 362 1357 414; x_wconf 77' lang='grc' dir='ltr'><strong><em>καινοτέροις,</em></strong></span> <span class='ocrx_word' id='word_1_26' title='bbox 1397 361 1470 399; x_wconf 81' lang='grc' dir='ltr'>καί</span> <span class='ocrx_word' id='word_1_27' title='bbox 1495 358 1678 412; x_wconf 67' lang='grc' dir='ltr'><strong><em>μάλιστα</em></strong></span> <span class='ocrx_word' id='word_1_28' title='bbox 1705 376 1752 414; x_wconf 77' lang='grc' dir='ltr'><strong>γε</strong></span> 
     </span>
     <span class='ocr_line' id='line_1_5' title="bbox 309 422 1751 483; baseline 0.001 -18"><span class='ocrx_word' id='word_1_29' title='bbox 309 426 368 479; x_wconf 75' lang='grc' dir='ltr'><strong><em>τῷ</em></strong></span> <span class='ocrx_word' id='word_1_30' title='bbox 392 425 466 465; x_wconf 78' lang='grc' dir='ltr'><strong>νῦν</strong></span> <span class='ocrx_word' id='word_1_31' title='bbox 493 424 564 464; x_wconf 80' lang='grc' dir='ltr'><strong><em>ε’πί</em></strong></span> <span class='ocrx_word' id='word_1_32' title='bbox 588 425 718 477; x_wconf 83' lang='grc' dir='ltr'><strong><em>μέσης</em></strong></span> <span class='ocrx_word' id='word_1_33' title='bbox 749 425 818 477; x_wconf 71' lang='grc' dir='ltr'><strong><em>τῆς</em></strong></span> <span class='ocrx_word' id='word_1_34' title='bbox 846 422 1006 474; x_wconf 87' lang='grc' dir='ltr'><strong><em>πόλεως</em></strong></span> <span class='ocrx_word' id='word_1_35' title='bbox 1036 423 1233 481; x_wconf 80' lang='grc' dir='ltr'><em>ὁρωμένῳ</em></span> <span class='ocrx_word' id='word_1_36' title='bbox 1275 426 1347 466; x_wconf 85' lang='grc' dir='ltr'><em>καί</em></span> <span class='ocrx_word' id='word_1_37' title='bbox 1379 425 1500 481; x_wconf 78' lang='grc' dir='ltr'><strong><em>κοινῷ</em></strong></span> <span class='ocrx_word' id='word_1_38' title='bbox 1526 428 1751 483; x_wconf 70' lang='grc' dir='ltr'><strong><em>βαλανείῳ.</em></strong></span> 
     </span>
     <span class='ocr_line' id='line_1_6' title="bbox 311 487 1789 546; baseline 0.002 -16"><span class='ocrx_word' id='word_1_39' title='bbox 311 488 385 530; x_wconf 83' lang='grc' dir='ltr'><em>καί</em></span> <span class='ocrx_word' id='word_1_40' title='bbox 409 489 637 542; x_wconf 74' lang='grc' dir='ltr'><strong><em>μονονουχὶ</em></strong></span> <span class='ocrx_word' id='word_1_41' title='bbox 677 490 759 530; x_wconf 73' lang='grc' dir='ltr'><strong><em>τῶν</em></strong></span> <span class='ocrx_word' id='word_1_42' title='bbox 796 487 1078 543; x_wconf 78' lang='grc' dir='ltr'><strong><em>γηραιοτέρων</em></strong></span> <span class='ocrx_word' id='word_1_43' title='bbox 1112 488 1268 540; x_wconf 73' lang='grc' dir='ltr'><strong><em>ἔξεστιν</em></strong></span> <span class='ocrx_word' id='word_1_44' title='bbox 1305 488 1468 532; x_wconf 77' lang='grc' dir='ltr'><strong><em>ἀκούειν</em></strong></span> <span class='ocrx_word' id='word_1_45' title='bbox 1506 491 1672 546; x_wconf 76' lang='grc' dir='ltr'><strong><em>ἀνδρῶν</em></strong></span> <span class='ocrx_word' id='word_1_46' title='bbox 1695 491 1789 540; x_wconf 72' lang='lat'><strong>«595</strong></span> 
     </span>
     <span class='ocr_line' id='line_1_7' title="bbox 313 550 1755 611; baseline 0.001 -15"><span class='ocrx_word' id='word_1_47' title='bbox 313 550 396 597; x_wconf 72' lang='grc' dir='ltr'><strong><em>ὦδε</em></strong></span> <span class='ocrx_word' id='word_1_48' title='bbox 425 557 504 607; x_wconf 82' lang='grc' dir='ltr'><strong>μὲν</strong></span> <span class='ocrx_word' id='word_1_49' title='bbox 531 550 582 608; x_wconf 71' lang='grc' dir='ltr'><strong>ἦν</strong></span> <span class='ocrx_word' id='word_1_50' title='bbox 611 554 633 595; x_wconf 76' lang='grc' dir='ltr'>ὅ</span> <span class='ocrx_word' id='word_1_51' title='bbox 662 553 764 603; x_wconf 78' lang='grc' dir='ltr'><strong><em>νεώς</em></strong></span> <span class='ocrx_word' id='word_1_52' title='bbox 792 554 815 595; x_wconf 81' lang='grc' dir='ltr'>ὅ</span> <span class='ocrx_word' id='word_1_53' title='bbox 848 556 963 596; x_wconf 77' lang='grc' dir='ltr'><strong><em>δεῖνα</em></strong></span> <span class='ocrx_word' id='word_1_54' title='bbox 993 558 1083 597; x_wconf 84' lang='grc' dir='ltr'><strong><em>ἐκεῖ</em></strong></span> <span class='ocrx_word' id='word_1_55' title='bbox 1107 558 1154 597; x_wconf 78' lang='grc' dir='ltr'><strong>δὲ</strong></span> <span class='ocrx_word' id='word_1_56' title='bbox 1182 553 1202 596; x_wconf 84' lang='grc' dir='ltr'><em>ὃ</em></span> <span class='ocrx_word' id='word_1_57' title='bbox 1235 557 1362 609; x_wconf 76' lang='grc' dir='ltr'><strong><em>δεῖνα,</em></strong></span> <span class='ocrx_word' id='word_1_58' title='bbox 1397 556 1468 597; x_wconf 81' lang='grc' dir='ltr'><strong><em>καί</em></strong></span> <span class='ocrx_word' id='word_1_59' title='bbox 1493 553 1571 598; x_wconf 74' lang='grc' dir='ltr'><strong>ὅσα</strong></span> <span class='ocrx_word' id='word_1_60' title='bbox 1598 560 1755 611; x_wconf 80' lang='grc' dir='ltr'><strong><em>προσῆν</em></strong></span> 
     </span>
     <span class='ocr_line' id='line_1_8' title="bbox 312 619 1756 678; baseline 0.001 -16"><span class='ocrx_word' id='word_1_61' title='bbox 312 619 474 678; x_wconf 75' lang='grc' dir='ltr'><strong><em>ἑκάστῳ</em></strong></span> <span class='ocrx_word' id='word_1_62' title='bbox 503 620 574 662; x_wconf 85' lang='grc' dir='ltr'><em>καί</em></span> <span class='ocrx_word' id='word_1_63' title='bbox 599 619 730 675; x_wconf 73' lang='grc' dir='ltr'><strong><em>κάλλη</em></strong></span> <span class='ocrx_word' id='word_1_64' title='bbox 759 621 833 662; x_wconf 86' lang='grc' dir='ltr'><em>καί</em></span> <span class='ocrx_word' id='word_1_65' title='bbox 857 622 1041 675; x_wconf 82' lang='grc' dir='ltr'><strong><em>χάριτες.</em></strong></span> <span class='ocrx_word' id='word_1_66' title='bbox 1119 624 1191 664; x_wconf 82' lang='grc' dir='ltr'><em>καί</em></span> <span class='ocrx_word' id='word_1_67' title='bbox 1216 623 1338 664; x_wconf 79' lang='grc' dir='ltr'><strong><em>τοῦτο</em></strong></span> <span class='ocrx_word' id='word_1_68' title='bbox 1366 623 1445 674; x_wconf 87' lang='grc' dir='ltr'><strong>μὲν</strong></span> <span class='ocrx_word' id='word_1_69' title='bbox 1473 620 1511 664; x_wconf 83' lang='grc' dir='ltr'><strong><em>οἱ</em></strong></span> <span class='ocrx_word' id='word_1_70' title='bbox 1539 623 1643 665; x_wconf 76' lang='grc' dir='ltr'><strong><em>κατὰ</em></strong></span> <span class='ocrx_word' id='word_1_71' title='bbox 1674 625 1756 664; x_wconf 79' lang='grc' dir='ltr'><strong><em>πᾶ-</em></strong></span> 
     </span>
     <span class='ocr_line' id='line_1_9' title="bbox 314 685 1758 743; baseline -0.001 -14"><span class='ocrx_word' id='word_1_72' title='bbox 314 703 394 729; x_wconf 88' lang='grc' dir='ltr'><strong>σαν</strong></span> <span class='ocrx_word' id='word_1_73' title='bbox 421 686 495 741; x_wconf 77' lang='grc' dir='ltr'><strong><em>τὴν</em></strong></span> <span class='ocrx_word' id='word_1_74' title='bbox 533 687 654 728; x_wconf 89' lang='grc' dir='ltr'><strong><em>πόλιν</em></strong></span> <span class='ocrx_word' id='word_1_75' title='bbox 682 685 773 729; x_wconf 79' lang='grc' dir='ltr'><strong><em>νεώ,</em></strong></span> <span class='ocrx_word' id='word_1_76' title='bbox 829 689 958 740; x_wconf 78' lang='grc' dir='ltr'><strong><em>μοναί</em></strong></span> <span class='ocrx_word' id='word_1_77' title='bbox 985 691 1038 740; x_wconf 77' lang='grc' dir='ltr'><strong>δ’,</strong></span> <span class='ocrx_word' id='word_1_78' title='bbox 1070 685 1119 736; x_wconf 76' lang='grc' dir='ltr'><strong><em>ἃς</em></strong></span> <span class='ocrx_word' id='word_1_79' title='bbox 1155 686 1358 743; x_wconf 84' lang='grc' dir='ltr'><strong><em>πρότερον</em></strong></span> <span class='ocrx_word' id='word_1_80' title='bbox 1388 685 1608 743; x_wconf 59' lang='lat' dir='ltr'><strong>‹padam-«5</strong></span> <span class='ocrx_word' id='word_1_81' title='bbox 1638 687 1758 741; x_wconf 79' lang='grc' dir='ltr'><strong><em>λόγος</em></strong></span> 
     </span>
     <span class='ocr_line' id='line_1_10' title="bbox 314 750 1757 808; baseline -0.001 -13"><span class='ocrx_word' id='word_1_82' title='bbox 314 751 537 807; x_wconf 74' lang='grc' dir='ltr'><strong><em>ἐδήλωσεν,</em></strong></span> <span class='ocrx_word' id='word_1_83' title='bbox 567 752 738 808; x_wconf 80' lang='grc' dir='ltr'><strong><em>α’φορμὴ</em></strong></span> <span class='ocrx_word' id='word_1_84' title='bbox 775 759 863 802; x_wconf 81' lang='grc' dir='ltr'><strong><em>τοῖς</em></strong></span> <span class='ocrx_word' id='word_1_85' title='bbox 890 754 1046 808; x_wconf 77' lang='grc' dir='ltr'><strong><em>ὁρῶσιν</em></strong></span> <span class='ocrx_word' id='word_1_86' title='bbox 1074 756 1266 795; x_wconf 78' lang='grc' dir='ltr'><strong><em>ἵστανται</em></strong></span> <span class='ocrx_word' id='word_1_87' title='bbox 1296 755 1500 806; x_wconf 84' lang='grc' dir='ltr'><strong><em>πένθους,</em></strong></span> <span class='ocrx_word' id='word_1_88' title='bbox 1526 753 1584 808; x_wconf 80' lang='grc' dir='ltr'><strong>μὴ</strong></span> <span class='ocrx_word' id='word_1_89' title='bbox 1615 750 1682 794; x_wconf 74' lang='grc' dir='ltr'><strong><em>ὅτι</em></strong></span> <span class='ocrx_word' id='word_1_90' title='bbox 1711 768 1757 806; x_wconf 78' lang='grc' dir='ltr'><strong>γε</strong></span> 
     </span>
     <span class='ocr_line' id='line_1_11' title="bbox 314 815 1788 874; baseline -0.003 -13"><span class='ocrx_word' id='word_1_91' title='bbox 314 822 512 873; x_wconf 79' lang='grc' dir='ltr'><strong><em>μοναχῶν</em></strong></span> <span class='ocrx_word' id='word_1_92' title='bbox 541 818 686 874; x_wconf 85' lang='grc' dir='ltr'><strong><em>ἔρημοι</em></strong></span> <span class='ocrx_word' id='word_1_93' title='bbox 708 821 966 861; x_wconf 78' lang='grc' dir='ltr'><strong><em>καταστᾶσαι</em></strong></span> <span class='ocrx_word' id='word_1_94' title='bbox 997 822 1131 868; x_wconf 78' lang='grc' dir='ltr'><strong><em>κακῶς</em></strong></span> <span class='ocrx_word' id='word_1_95' title='bbox 1151 821 1428 870; x_wconf 74' lang='grc' dir='ltr'><strong><em>ἐξελαθέντων</em></strong></span> <span class='ocrx_word' id='word_1_96' title='bbox 1450 820 1524 860; x_wconf 83' lang='grc' dir='ltr'>καί</span> <span class='ocrx_word' id='word_1_97' title='bbox 1547 818 1650 872; x_wconf 84' lang='grc' dir='ltr'><strong><em>πρὸς</em></strong></span> <span class='ocrx_word' id='word_1_98' title='bbox 1671 815 1756 860; x_wconf 66' lang='grc' dir='ltr'><strong><em>ἑτέ·</em></strong></span> <span class='ocrx_word' id='word_1_99' title='bbox 1775 831 1788 857; x_wconf 85' lang='grc' dir='ltr'><strong><em>ι</em></strong></span> 
     </span>
     <span class='ocr_line' id='line_1_12' title="bbox 314 882 1756 941; baseline -0.001 -15"><span class='ocrx_word' id='word_1_100' title='bbox 314 901 393 939; x_wconf 88' lang='grc' dir='ltr'><strong>ρας</strong></span> <span class='ocrx_word' id='word_1_101' title='bbox 421 883 558 933; x_wconf 86' lang='grc' dir='ltr'><strong><em>πόλεις</em></strong></span> <span class='ocrx_word' id='word_1_102' title='bbox 585 883 927 940; x_wconf 79' lang='grc' dir='ltr'><strong><em>μετοικησάντων,</em></strong></span> <span class='ocrx_word' id='word_1_103' title='bbox 957 884 1063 927; x_wconf 66' lang='lat' dir='ltr'><strong>omo}</strong></span> <span class='ocrx_word' id='word_1_104' title='bbox 1084 884 1157 926; x_wconf 82' lang='grc' dir='ltr'>καί</span> <span class='ocrx_word' id='word_1_105' title='bbox 1183 889 1563 941; x_wconf 79' lang='grc' dir='ltr'><strong><em>προσαφῃρημέναι</em></strong></span> <span class='ocrx_word' id='word_1_106' title='bbox 1580 883 1658 939; x_wconf 77' lang='grc' dir='ltr'><strong><em>τὴν</em></strong></span> <span class='ocrx_word' id='word_1_107' title='bbox 1686 882 1756 926; x_wconf 68' lang='grc' dir='ltr'><strong>διὰ</strong></span> 
     </span>
     <span class='ocr_line' id='line_1_13' title="bbox 315 948 1759 1007; baseline -0.001 -15"><span class='ocrx_word' id='word_1_108' title='bbox 315 949 478 992; x_wconf 81' lang='grc' dir='ltr'><strong><em>πάντων</em></strong></span> <span class='ocrx_word' id='word_1_109' title='bbox 510 949 812 1005; x_wconf 82' lang='grc' dir='ltr'><strong><em>λαμπρότητα·</em></strong></span> <span class='ocrx_word' id='word_1_110' title='bbox 873 952 920 992; x_wconf 85' lang='grc' dir='ltr'><strong>αἳ</strong></span> <span class='ocrx_word' id='word_1_111' title='bbox 946 966 990 992; x_wconf 88' lang='grc' dir='ltr'><strong>τε</strong></span> <span class='ocrx_word' id='word_1_112' title='bbox 1018 949 1097 1007; x_wconf 75' lang='grc' dir='ltr'><strong>γάρ</strong></span> <span class='ocrx_word' id='word_1_113' title='bbox 1127 950 1345 1005; x_wconf 78' lang='grc' dir='ltr'><strong><em>μάρμαροι</em></strong></span> <span class='ocrx_word' id='word_1_114' title='bbox 1374 948 1534 992; x_wconf 82' lang='grc' dir='ltr'><strong><em>τούτων</em></strong></span> <span class='ocrx_word' id='word_1_115' title='bbox 1560 951 1759 1006; x_wconf 73' lang='grc' dir='ltr'><strong><em>ἑξηδαφί-</em></strong></span> 
     </span>
     <span class='ocr_line' id='line_1_14' title="bbox 319 1011 1761 1071; baseline -0.002 -13"><span class='ocrx_word' id='word_1_116' title='bbox 319 1019 511 1071; x_wconf 87' lang='grc' dir='ltr'><strong><em>σθησαν,</em></strong></span> <span class='ocrx_word' id='word_1_117' title='bbox 549 1012 640 1070; x_wconf 79' lang='grc' dir='ltr'><strong><em>ἥτ’</em></strong></span> <span class='ocrx_word' id='word_1_118' title='bbox 679 1011 782 1070; x_wconf 74' lang='grc' dir='ltr'><strong><em>ἄλλη</em></strong></span> <span class='ocrx_word' id='word_1_119' title='bbox 822 1012 966 1058; x_wconf 79' lang='grc' dir='ltr'><strong><em>ἅπασα</em></strong></span> <span class='ocrx_word' id='word_1_120' title='bbox 1005 1012 1086 1070; x_wconf 70' lang='grc' dir='ltr'><strong><em>ὕλη</em></strong></span> <span class='ocrx_word' id='word_1_121' title='bbox 1126 1013 1150 1071; x_wconf 79' lang='grc' dir='ltr'><em>ἢ</em></span> <span class='ocrx_word' id='word_1_122' title='bbox 1194 1015 1299 1070; x_wconf 85' lang='grc' dir='ltr'><strong><em>πρὸς</em></strong></span> <span class='ocrx_word' id='word_1_123' title='bbox 1329 1015 1592 1070; x_wconf 75' lang='grc' dir='ltr'><strong><em>ἀπαρτισμὸν</em></strong></span> <span class='ocrx_word' id='word_1_124' title='bbox 1619 1015 1761 1058; x_wconf 65' lang='grc' dir='ltr'><strong><em>αὐτῶν</em></strong></span> 
     </span>
     <span class='ocr_line' id='line_1_15' title="bbox 317 1081 1760 1136; baseline -0.001 -13"><span class='ocrx_word' id='word_1_125' title='bbox 317 1082 507 1136; x_wconf 77' lang='grc' dir='ltr'><strong><em>α’ρχῆθεν</em></strong></span> <span class='ocrx_word' id='word_1_126' title='bbox 536 1084 835 1136; x_wconf 82' lang='grc' dir='ltr'><strong><em>συντεθειμένη</em></strong></span> <span class='ocrx_word' id='word_1_127' title='bbox 869 1083 942 1122; x_wconf 83' lang='grc' dir='ltr'>καί</span> <span class='ocrx_word' id='word_1_128' title='bbox 965 1081 1111 1132; x_wconf 82' lang='grc' dir='ltr'><strong><em>κάλλος</em></strong></span> <span class='ocrx_word' id='word_1_129' title='bbox 1148 1084 1207 1131; x_wconf 85' lang='grc' dir='ltr'><strong>εἰς</strong></span> <span class='ocrx_word' id='word_1_130' title='bbox 1239 1081 1475 1136; x_wconf 77' lang='grc' dir='ltr'><strong><em>διαρπαγὴν</em></strong></span> <span class='ocrx_word' id='word_1_131' title='bbox 1501 1087 1587 1131; x_wconf 79' lang='grc' dir='ltr'><strong><em>τοῖς</em></strong></span> <span class='ocrx_word' id='word_1_132' title='bbox 1613 1085 1760 1135; x_wconf 82' lang='grc' dir='ltr'><strong><em>βουλο-</em></strong></span> 
     </span>
     <span class='ocr_line' id='line_1_16' title="bbox 313 1137 1806 1202; baseline 0 -13"><span class='ocrx_word' id='word_1_133' title='bbox 313 1150 455 1200; x_wconf 84' lang='grc' dir='ltr'><strong><em>μένοις</em></strong></span> <span class='ocrx_word' id='word_1_134' title='bbox 483 1149 641 1200; x_wconf 59' lang='lat' dir='ltr'><strong>‹im-co,</strong></span> <span class='ocrx_word' id='word_1_135' title='bbox 680 1147 751 1189; x_wconf 81' lang='grc' dir='ltr'><em>καί</em></span> <span class='ocrx_word' id='word_1_136' title='bbox 776 1150 852 1189; x_wconf 80' lang='grc' dir='ltr'><strong>νῦν</strong></span> <span class='ocrx_word' id='word_1_137' title='bbox 879 1143 1060 1200; x_wconf 76' lang='grc' dir='ltr'><strong><em>ἄκοσμόν</em></strong></span> <span class='ocrx_word' id='word_1_138' title='bbox 1090 1164 1129 1190; x_wconf 88' lang='grc' dir='ltr'><strong><em>τι</em></strong></span> <span class='ocrx_word' id='word_1_139' title='bbox 1157 1151 1301 1200; x_wconf 86' lang='grc' dir='ltr'><strong><em>θέαμα</em></strong></span> <span class='ocrx_word' id='word_1_140' title='bbox 1331 1149 1458 1190; x_wconf 76' lang='grc' dir='ltr'><strong><em>πᾶσιν</em></strong></span> <span class='ocrx_word' id='word_1_141' title='bbox 1484 1147 1663 1202; x_wconf 74' lang='grc' dir='ltr'><strong><em>ὁρῶνται</em></strong></span> <span class='ocrx_word' id='word_1_142' title='bbox 1690 1146 1762 1187; x_wconf 73' lang='grc' dir='ltr'><strong><em>κατ’</em></strong></span> <span class='ocrx_word' id='word_1_143' title='bbox 1777 1137 1806 1191; x_wconf 49' lang='lat' dir='ltr'><strong>nii</strong></span> 
     </span>
     <span class='ocr_line' id='line_1_17' title="bbox 314 1208 1763 1268; baseline -0.001 -14"><span class='ocrx_word' id='word_1_144' title='bbox 314 1213 390 1261; x_wconf 79' lang='grc' dir='ltr'><strong>τὰς</strong></span> <span class='ocrx_word' id='word_1_145' title='bbox 415 1211 608 1254; x_wconf 77' lang='grc' dir='ltr'><strong><em>ἁπάντων</em></strong></span> <span class='ocrx_word' id='word_1_146' title='bbox 648 1212 794 1267; x_wconf 73' lang='grc' dir='ltr'><strong><em>ψυχάς</em></strong></span> <span class='ocrx_word' id='word_1_147' title='bbox 836 1215 997 1255; x_wconf 73' lang='grc' dir='ltr'><strong><em>κινοῦσι</em></strong></span> <span class='ocrx_word' id='word_1_148' title='bbox 1032 1211 1137 1267; x_wconf 81' lang='grc' dir='ltr'><strong><em>πρὸς</em></strong></span> <span class='ocrx_word' id='word_1_149' title='bbox 1166 1213 1345 1268; x_wconf 76' lang='grc' dir='ltr'><strong><em>δάκρυα.</em></strong></span> <span class='ocrx_word' id='word_1_150' title='bbox 1410 1212 1556 1255; x_wconf 70' lang='grc' dir='ltr'><strong><em>πολλοὶ</em></strong></span> <span class='ocrx_word' id='word_1_151' title='bbox 1580 1215 1658 1266; x_wconf 81' lang='grc' dir='ltr'><strong>μὲν</strong></span> <span class='ocrx_word' id='word_1_152' title='bbox 1687 1208 1763 1253; x_wconf 72' lang='grc' dir='ltr'><strong><em>οὖν</em></strong></span> 
     </span>
     <span class='ocr_line' id='line_1_18' title="bbox 313 1276 1763 1334; baseline -0.001 -14"><span class='ocrx_word' id='word_1_153' title='bbox 313 1282 457 1321; x_wconf 78' lang='grc' dir='ltr'><strong>εἴλοντ7</strong></span> <span class='ocrx_word' id='word_1_154' title='bbox 487 1276 540 1320; x_wconf 73' lang='grc' dir='ltr'><strong>ἂν</strong></span> <span class='ocrx_word' id='word_1_155' title='bbox 573 1280 671 1320; x_wconf 75' lang='grc' dir='ltr'><strong><em>ἀντὶ</em></strong></span> <span class='ocrx_word' id='word_1_156' title='bbox 698 1282 772 1332; x_wconf 72' lang='grc' dir='ltr'><strong>τῆς</strong></span> <span class='ocrx_word' id='word_1_157' title='bbox 813 1281 1082 1334; x_wconf 79' lang='grc' dir='ltr'><strong><em>ἐνεγκαμένης</em></strong></span> <span class='ocrx_word' id='word_1_158' title='bbox 1122 1279 1196 1334; x_wconf 74' lang='grc' dir='ltr'><strong><em>τὴν</em></strong></span> <span class='ocrx_word' id='word_1_159' title='bbox 1234 1278 1372 1332; x_wconf 88' lang='grc' dir='ltr'><strong><em>πόλιν,</em></strong></span> <span class='ocrx_word' id='word_1_160' title='bbox 1402 1281 1474 1320; x_wconf 76' lang='grc' dir='ltr'><strong>καὶ</strong></span> <span class='ocrx_word' id='word_1_161' title='bbox 1501 1278 1661 1334; x_wconf 81' lang='grc' dir='ltr'><strong><em>πλήρης</em></strong></span> <span class='ocrx_word' id='word_1_162' title='bbox 1685 1280 1763 1330; x_wconf 73' lang='grc' dir='ltr'><strong>μὲν</strong></span> 
     </span>
     <span class='ocr_line' id='line_1_19' title="bbox 315 1339 1764 1399; baseline -0.001 -14"><span class='ocrx_word' id='word_1_163' title='bbox 315 1342 366 1386; x_wconf 75' lang='grc' dir='ltr'><strong>ἂν</strong></span> <span class='ocrx_word' id='word_1_164' title='bbox 396 1339 448 1399; x_wconf 77' lang='grc' dir='ltr'><strong>ἦν</strong></span> <span class='ocrx_word' id='word_1_165' title='bbox 476 1344 662 1398; x_wconf 73' lang='grc' dir='ltr'><strong><em>εὐσεβῶν</em></strong></span> <span class='ocrx_word' id='word_1_166' title='bbox 691 1341 786 1399; x_wconf 73' lang='grc' dir='ltr'><strong>ἤδη,</strong></span> <span class='ocrx_word' id='word_1_167' title='bbox 817 1343 974 1399; x_wconf 83' lang='grc' dir='ltr'><strong><em>πλήρης</em></strong></span> <span class='ocrx_word' id='word_1_168' title='bbox 1004 1348 1050 1387; x_wconf 71' lang='grc' dir='ltr'><strong>δὲ</strong></span> <span class='ocrx_word' id='word_1_169' title='bbox 1089 1347 1299 1399; x_wconf 80' lang='grc' dir='ltr'><strong><em>μοναχῶν,</em></strong></span> <span class='ocrx_word' id='word_1_170' title='bbox 1333 1348 1520 1399; x_wconf 79' lang='grc' dir='ltr'><strong><em>γέμουσα</em></strong></span> <span class='ocrx_word' id='word_1_171' title='bbox 1549 1346 1595 1386; x_wconf 80' lang='grc' dir='ltr'><strong>δὲ</strong></span> <span class='ocrx_word' id='word_1_172' title='bbox 1624 1348 1764 1397; x_wconf 87' lang='grc' dir='ltr'><strong><em>θυμη-</em></strong></span> 
     </span>
     <span class='ocr_line' id='line_1_20' title="bbox 317 1409 1801 1474; baseline -0.001 -22"><span class='ocrx_word' id='word_1_173' title='bbox 317 1410 435 1460; x_wconf 62' lang='lat' dir='ltr'><strong>&amp;lag</strong></span> <span class='ocrx_word' id='word_1_174' title='bbox 462 1409 535 1452; x_wconf 81' lang='grc' dir='ltr'>καί</span> <span class='ocrx_word' id='word_1_175' title='bbox 559 1412 742 1464; x_wconf 80' lang='grc' dir='ltr'><strong><em>τέρψεως</em></strong></span> <span class='ocrx_word' id='word_1_176' title='bbox 772 1414 826 1468; x_wconf 70' lang='grc' dir='ltr'><strong><em>τῷ</em></strong></span> <span class='ocrx_word' id='word_1_177' title='bbox 853 1409 1126 1468; x_wconf 77' lang='grc' dir='ltr'><strong><em>χριστωνύμῳ</em></strong></span> <span class='ocrx_word' id='word_1_178' title='bbox 1156 1410 1393 1466; x_wconf 75' lang='grc' dir='ltr'><strong><em>πρεπούσης</em></strong></span> <span class='ocrx_word' id='word_1_179' title='bbox 1419 1410 1695 1465; x_wconf 77' lang='grc' dir='ltr'><strong><em>πληρώματι,</em></strong></span> <span class='ocrx_word' id='word_1_180' title='bbox 1725 1411 1765 1451; x_wconf 79' lang='grc' dir='ltr'><strong>εἰ</strong></span> <span class='ocrx_word' id='word_1_181' title='bbox 1799 1446 1801 1474; x_wconf 63' lang='lat'>4</span> 
     </span>
     <span class='ocr_line' id='line_1_21' title="bbox 315 1472 1806 1538; baseline -0.001 -21"><span class='ocrx_word' id='word_1_182' title='bbox 315 1476 374 1531; x_wconf 79' lang='grc' dir='ltr'><strong>μη</strong></span> <span class='ocrx_word' id='word_1_183' title='bbox 402 1475 572 1530; x_wconf 79' lang='grc' dir='ltr'><strong><em>τοιαύτη</em></strong></span> <span class='ocrx_word' id='word_1_184' title='bbox 602 1479 690 1518; x_wconf 82' lang='grc' dir='ltr'><strong><em>κατ’</em></strong></span> <span class='ocrx_word' id='word_1_185' title='bbox 722 1478 850 1532; x_wconf 71' lang='grc' dir='ltr'><strong><em>αὐτῆς</em></strong></span> <span class='ocrx_word' id='word_1_186' title='bbox 878 1474 1090 1532; x_wconf 72' lang='grc' dir='ltr'><strong><em>ἀπόφασις</em></strong></span> <span class='ocrx_word' id='word_1_187' title='bbox 1130 1478 1361 1519; x_wconf 76' lang='grc' dir='ltr'><strong><em>οἷπευκταία</em></strong></span> <span class='ocrx_word' id='word_1_188' title='bbox 1394 1476 1584 1530; x_wconf 81' lang='grc' dir='ltr'><strong><em>ε’ξήνεκτο</em></strong></span> <span class='ocrx_word' id='word_1_189' title='bbox 1613 1474 1686 1517; x_wconf 82' lang='grc' dir='ltr'><em>καί</em></span> <span class='ocrx_word' id='word_1_190' title='bbox 1711 1472 1806 1538; x_wconf 38' lang='grc' dir='ltr'><strong>τὰς</strong></span> 
     </span>
     <span class='ocr_line' id='line_1_22' title="bbox 316 1540 1803 1599; baseline -0.001 -16"><span class='ocrx_word' id='word_1_191' title='bbox 316 1546 406 1585; x_wconf 88' lang='grc' dir='ltr'><strong><em>κατ’</em></strong></span> <span class='ocrx_word' id='word_1_192' title='bbox 434 1544 567 1598; x_wconf 69' lang='grc' dir='ltr'><strong><em>αὐτὴν</em></strong></span> <span class='ocrx_word' id='word_1_193' title='bbox 610 1541 722 1585; x_wconf 71' lang='grc' dir='ltr'><strong><em>οὕτω</em></strong></span> <span class='ocrx_word' id='word_1_194' title='bbox 752 1543 1042 1599; x_wconf 82' lang='grc' dir='ltr'><strong><em>προυχώρησε.</em></strong></span> <span class='ocrx_word' id='word_1_195' title='bbox 1108 1545 1205 1586; x_wconf 76' lang='grc' dir='ltr'><strong><em>νυνὶ</em></strong></span> <span class='ocrx_word' id='word_1_196' title='bbox 1246 1546 1293 1585; x_wconf 76' lang='grc' dir='ltr'><strong>δὲ</strong></span> <span class='ocrx_word' id='word_1_197' title='bbox 1318 1543 1376 1597; x_wconf 78' lang='grc' dir='ltr'><strong>μη</strong></span> <span class='ocrx_word' id='word_1_198' title='bbox 1405 1541 1468 1584; x_wconf 78' lang='grc' dir='ltr'><strong><em>ὅτι</em></strong></span> <span class='ocrx_word' id='word_1_199' title='bbox 1500 1558 1546 1597; x_wconf 80' lang='grc' dir='ltr'><strong>γε</strong></span> <span class='ocrx_word' id='word_1_200' title='bbox 1573 1541 1702 1584; x_wconf 85' lang='grc' dir='ltr'><strong><em>πόθον</em></strong></span> <span class='ocrx_word' id='word_1_201' title='bbox 1727 1540 1772 1582; x_wconf 78' lang='grc' dir='ltr'><strong><em>οἳ</em></strong></span> <span class='ocrx_word' id='word_1_202' title='bbox 1797 1543 1803 1582; x_wconf 70' lang='grc' dir='ltr'><strong>ἰ</strong></span> 
     </span>
     <span class='ocr_line' id='line_1_23' title="bbox 239 1605 1797 1664; baseline -0.003 -12"><span class='ocrx_word' id='word_1_203' title='bbox 239 1618 306 1662; x_wconf 78' lang='lat'><strong>370</strong></span> <span class='ocrx_word' id='word_1_204' title='bbox 320 1607 477 1664; x_wconf 85' lang='grc' dir='ltr'><strong><em>ταύτην</em></strong></span> <span class='ocrx_word' id='word_1_205' title='bbox 517 1610 564 1650; x_wconf 80' lang='grc' dir='ltr'><strong>ἐκ</strong></span> <span class='ocrx_word' id='word_1_206' title='bbox 605 1610 771 1662; x_wconf 83' lang='grc' dir='ltr'><strong><em>μακροῦ</em></strong></span> <span class='ocrx_word' id='word_1_207' title='bbox 810 1613 1063 1662; x_wconf 71' lang='grc' dir='ltr'><strong><em>καταλαβεῖν</em></strong></span> <span class='ocrx_word' id='word_1_208' title='bbox 1091 1605 1232 1663; x_wconf 78' lang='grc' dir='ltr'><strong><em>εἶχον,</em></strong></span> <span class='ocrx_word' id='word_1_209' title='bbox 1279 1607 1511 1662; x_wconf 83' lang='grc' dir='ltr'><strong><em>μετάμελον</em></strong></span> <span class='ocrx_word' id='word_1_210' title='bbox 1541 1606 1665 1661; x_wconf 79' lang='grc' dir='ltr'><strong><em>ἔσχον</em></strong></span> <span class='ocrx_word' id='word_1_211' title='bbox 1691 1607 1768 1661; x_wconf 81' lang='grc' dir='ltr'><strong><em>τῆς</em></strong></span> <span class='ocrx_word' id='word_1_212' title='bbox 1796 1607 1797 1610; x_wconf 52' lang='lat'>&#39;</span> 
     </span>
     <span class='ocr_line' id='line_1_24' title="bbox 322 1672 1795 1730; baseline -0.002 -14"><span class='ocrx_word' id='word_1_213' title='bbox 322 1674 577 1729; x_wconf 83' lang='grc' dir='ltr'><strong><em>προθυμίας,</em></strong></span> <span class='ocrx_word' id='word_1_214' title='bbox 608 1674 712 1717; x_wconf 72' lang='grc' dir='ltr'><strong><em>ἄλλα</em></strong></span> <span class='ocrx_word' id='word_1_215' title='bbox 745 1677 817 1717; x_wconf 84' lang='grc' dir='ltr'><em>καί</em></span> <span class='ocrx_word' id='word_1_216' title='bbox 843 1675 943 1730; x_wconf 79' lang='grc' dir='ltr'><strong><em>ἡμῖν</em></strong></span> <span class='ocrx_word' id='word_1_217' title='bbox 971 1677 1045 1730; x_wconf 75' lang='grc' dir='ltr'><strong>τῆς</strong></span> <span class='ocrx_word' id='word_1_218' title='bbox 1073 1677 1133 1724; x_wconf 81' lang='grc' dir='ltr'><strong>εἰς</strong></span> <span class='ocrx_word' id='word_1_219' title='bbox 1160 1674 1236 1729; x_wconf 74' lang='grc' dir='ltr'><strong><em>την</em></strong></span> <span class='ocrx_word' id='word_1_220' title='bbox 1265 1675 1382 1717; x_wconf 87' lang='grc' dir='ltr'><strong><em>πόλιν</em></strong></span> <span class='ocrx_word' id='word_1_221' title='bbox 1408 1672 1613 1722; x_wconf 72' lang='grc' dir='ltr'><strong><em>ἐλεύσεως</em></strong></span> <span class='ocrx_word' id='word_1_222' title='bbox 1637 1683 1795 1726; x_wconf 61' lang='grc' dir='ltr'><strong><em>μετα-ζ</em></strong></span> 
     </span>
    </p>
   </div>
   <div class='ocr_carea' id='block_1_3' title="bbox 322 1810 1788 2750">
    <p class='ocr_par' dir='ltr' id='par_1_3' title="bbox 322 1810 1788 2750">
     <span class='ocr_line' id='line_1_25' title="bbox 322 1810 1768 1858; baseline -0.003 -12"><span class='ocrx_word' id='word_1_223' title='bbox 322 1819 378 1847; x_wconf 85' lang='lat' dir='ltr'><strong>cta</strong></span> <span class='ocrx_word' id='word_1_224' title='bbox 407 1818 512 1846; x_wconf 82' lang='lat' dir='ltr'><strong>sunt:</strong></span> <span class='ocrx_word' id='word_1_225' title='bbox 535 1824 690 1858; x_wconf 88' lang='lat' dir='ltr'><strong>namque</strong></span> <span class='ocrx_word' id='word_1_226' title='bbox 724 1813 792 1845; x_wconf 82' lang='lat' dir='ltr'><strong>alia</strong></span> <span class='ocrx_word' id='word_1_227' title='bbox 818 1813 947 1858; x_wconf 88' lang='lat' dir='ltr'><strong>prioris</strong></span> <span class='ocrx_word' id='word_1_228' title='bbox 975 1815 1029 1846; x_wconf 86' lang='lat' dir='ltr'><strong>sui</strong></span> <span class='ocrx_word' id='word_1_229' title='bbox 1058 1814 1196 1846; x_wconf 81' lang='lat' dir='ltr'><strong>decoris</strong></span> <span class='ocrx_word' id='word_1_230' title='bbox 1235 1818 1271 1846; x_wconf 85' lang='lat' dir='ltr'><strong>et</strong></span> <span class='ocrx_word' id='word_1_231' title='bbox 1298 1813 1386 1846; x_wconf 83' lang='lat' dir='ltr'><strong>situs</strong></span> <span class='ocrx_word' id='word_1_232' title='bbox 1411 1810 1657 1845; x_wconf 75' lang='lat' dir='ltr'><strong>tantummodo</strong></span> <span class='ocrx_word' id='word_1_233' title='bbox 1681 1810 1768 1842; x_wconf 81' lang='lat' dir='ltr'><strong>reli-</strong></span> 
     </span>
     <span class='ocr_line' id='line_1_26' title="bbox 323 1857 1768 1906; baseline -0.002 -14"><span class='ocrx_word' id='word_1_234' title='bbox 323 1861 425 1906; x_wconf 85' lang='lat' dir='ltr'><strong>quias</strong></span> <span class='ocrx_word' id='word_1_235' title='bbox 449 1859 646 1906; x_wconf 84' lang='lat' dir='ltr'><strong>proferunt,</strong></span> <span class='ocrx_word' id='word_1_236' title='bbox 672 1861 753 1900; x_wconf 80' lang='lat' dir='ltr'><strong>alia,</strong></span> <span class='ocrx_word' id='word_1_237' title='bbox 781 1861 870 1905; x_wconf 89' lang='lat' dir='ltr'><strong>quin</strong></span> <span class='ocrx_word' id='word_1_238' title='bbox 893 1862 1001 1894; x_wconf 82' lang='lat' dir='ltr'><strong>immo</strong></span> <span class='ocrx_word' id='word_1_239' title='bbox 1029 1862 1141 1893; x_wconf 79' lang='lat' dir='ltr'><strong>maior</strong></span> <span class='ocrx_word' id='word_1_240' title='bbox 1169 1872 1290 1893; x_wconf 87' lang='lat' dir='ltr'><strong>eorum</strong></span> <span class='ocrx_word' id='word_1_241' title='bbox 1312 1871 1403 1905; x_wconf 77' lang='lat' dir='ltr'><strong>pars,</strong></span> <span class='ocrx_word' id='word_1_242' title='bbox 1428 1870 1570 1904; x_wconf 81' lang='lat' dir='ltr'><strong>prorsus</strong></span> <span class='ocrx_word' id='word_1_243' title='bbox 1595 1857 1768 1890; x_wconf 75' lang='lat' dir='ltr'><strong>concide·-</strong></span> 
     </span>
     <span class='ocr_line' id='line_1_27' title="bbox 324 1904 1765 1951; baseline -0.003 -11"><span class='ocrx_word' id='word_1_244' title='bbox 324 1913 418 1948; x_wconf 84' lang='lat' dir='ltr'><strong>runt,</strong></span> <span class='ocrx_word' id='word_1_245' title='bbox 447 1912 487 1940; x_wconf 89' lang='lat' dir='ltr'><strong>ut</strong></span> <span class='ocrx_word' id='word_1_246' title='bbox 511 1918 577 1939; x_wconf 90' lang='lat' dir='ltr'><strong>nec</strong></span> <span class='ocrx_word' id='word_1_247' title='bbox 602 1907 665 1939; x_wconf 88' lang='lat' dir='ltr'><strong>ubi</strong></span> <span class='ocrx_word' id='word_1_248' title='bbox 693 1907 889 1951; x_wconf 85' lang='lat' dir='ltr'><strong>aliquando</strong></span> <span class='ocrx_word' id='word_1_249' title='bbox 930 1909 1097 1941; x_wconf 83' lang='lat' dir='ltr'><strong>steterint</strong></span> <span class='ocrx_word' id='word_1_250' title='bbox 1131 1913 1352 1951; x_wconf 83' lang='lat' dir='ltr'><strong>agnoscatur.</strong></span> <span class='ocrx_word' id='word_1_251' title='bbox 1415 1906 1554 1950; x_wconf 88' lang='lat' dir='ltr'><strong>direpta</strong></span> <span class='ocrx_word' id='word_1_252' title='bbox 1589 1904 1765 1949; x_wconf 82' lang='lat' dir='ltr'>siquidem</span> 
     </span>
     <span class='ocr_line' id='line_1_28' title="bbox 325 1951 1768 1998; baseline -0.003 -11"><span class='ocrx_word' id='word_1_253' title='bbox 325 1965 447 1987; x_wconf 86' lang='lat' dir='ltr'><strong>eorum</strong></span> <span class='ocrx_word' id='word_1_254' title='bbox 471 1954 620 1987; x_wconf 78' lang='lat' dir='ltr'><strong>materia</strong></span> <span class='ocrx_word' id='word_1_255' title='bbox 645 1955 831 1986; x_wconf 70' lang='lat' dir='ltr'>structuris</span> <span class='ocrx_word' id='word_1_256' title='bbox 858 1955 938 1988; x_wconf 88' lang='lat' dir='ltr'><strong>aliis</strong></span> <span class='ocrx_word' id='word_1_257' title='bbox 975 1954 1234 1988; x_wconf 87' lang='lat' dir='ltr'><strong>recentioribus</strong></span> <span class='ocrx_word' id='word_1_258' title='bbox 1265 1954 1442 1998; x_wconf 78' lang='lat' dir='ltr'><strong>applicata</strong></span> <span class='ocrx_word' id='word_1_259' title='bbox 1468 1958 1532 1993; x_wconf 84' lang='lat' dir='ltr'><strong>est,</strong></span> <span class='ocrx_word' id='word_1_260' title='bbox 1557 1957 1594 1985; x_wconf 85' lang='lat' dir='ltr'><strong>et</strong></span> <span class='ocrx_word' id='word_1_261' title='bbox 1619 1951 1768 1996; x_wconf 82' lang='lat' dir='ltr'><strong>potissi·</strong></span> 
     </span>
     <span class='ocr_line' id='line_1_29' title="bbox 326 2000 1769 2045; baseline -0.002 -11"><span class='ocrx_word' id='word_1_262' title='bbox 326 2013 422 2034; x_wconf 89' lang='lat' dir='ltr'><strong>mum</strong></span> <span class='ocrx_word' id='word_1_263' title='bbox 443 2000 586 2041; x_wconf 88' lang='lat' dir='ltr'><strong>balneo,</strong></span> <span class='ocrx_word' id='word_1_264' title='bbox 613 2000 711 2045; x_wconf 93' lang='lat' dir='ltr'><strong>quod</strong></span> <span class='ocrx_word' id='word_1_265' title='bbox 733 2012 830 2033; x_wconf 89' lang='lat' dir='ltr'><strong>nunc</strong></span> <span class='ocrx_word' id='word_1_266' title='bbox 850 2002 969 2036; x_wconf 83' lang='lat' dir='ltr'><strong>media</strong></span> <span class='ocrx_word' id='word_1_267' title='bbox 985 2003 1023 2035; x_wconf 89' lang='lat' dir='ltr'><strong>in</strong></span> <span class='ocrx_word' id='word_1_268' title='bbox 1036 2001 1124 2035; x_wconf 87' lang='lat' dir='ltr'><strong>urbe</strong></span> <span class='ocrx_word' id='word_1_269' title='bbox 1150 2000 1396 2034; x_wconf 81' lang='lat' dir='ltr'>commoditati</span> <span class='ocrx_word' id='word_1_270' title='bbox 1419 2000 1586 2045; x_wconf 86' lang='lat' dir='ltr'><strong>publicae</strong></span> <span class='ocrx_word' id='word_1_271' title='bbox 1612 2003 1769 2031; x_wconf 84' lang='lat' dir='ltr'><strong>erectum</strong></span> 
     </span>
     <span class='ocr_line' id='line_1_30' title="bbox 327 2043 1788 2094; baseline -0.003 -14"><span class='ocrx_word' id='word_1_272' title='bbox 327 2048 564 2092; x_wconf 75' lang='lat' dir='ltr'><strong>conspicitur3</strong></span> <span class='ocrx_word' id='word_1_273' title='bbox 592 2051 805 2092; x_wconf 84' lang='lat' dir='ltr'><strong>tantumque</strong></span> <span class='ocrx_word' id='word_1_274' title='bbox 839 2049 882 2082; x_wconf 83' lang='lat' dir='ltr'><strong>ab</strong></span> <span class='ocrx_word' id='word_1_275' title='bbox 921 2055 1039 2083; x_wconf 81' lang='lat' dir='ltr'><strong>aetate</strong></span> <span class='ocrx_word' id='word_1_276' title='bbox 1071 2048 1352 2094; x_wconf 84' lang='lat' dir='ltr'><strong>provectioribus</strong></span> <span class='ocrx_word' id='word_1_277' title='bbox 1379 2047 1431 2080; x_wconf 90' lang='lat' dir='ltr'><strong>sas</strong></span> <span class='ocrx_word' id='word_1_278' title='bbox 1456 2053 1510 2080; x_wconf 88' lang='lat' dir='ltr'><strong>est</strong></span> <span class='ocrx_word' id='word_1_279' title='bbox 1534 2045 1679 2078; x_wconf 88' lang='lat' dir='ltr'><strong>audire:</strong></span> <span class='ocrx_word' id='word_1_280' title='bbox 1701 2043 1788 2092; x_wconf 60' lang='grc' dir='ltr'><strong>Ιιειιῑζ</strong></span> 
     </span>
     <span class='ocr_line' id='line_1_31' title="bbox 327 2091 1768 2140; baseline -0.003 -12"><span class='ocrx_word' id='word_1_281' title='bbox 327 2096 365 2128; x_wconf 90' lang='lat' dir='ltr'><strong>in</strong></span> <span class='ocrx_word' id='word_1_282' title='bbox 397 2100 497 2140; x_wconf 85' lang='lat' dir='ltr'><strong>parte</strong></span> <span class='ocrx_word' id='word_1_283' title='bbox 524 2094 695 2139; x_wconf 86' lang='lat' dir='ltr'><strong>templum</strong></span> <span class='ocrx_word' id='word_1_284' title='bbox 719 2095 791 2127; x_wconf 87' lang='lat' dir='ltr'><strong>tale</strong></span> <span class='ocrx_word' id='word_1_285' title='bbox 818 2101 914 2138; x_wconf 84' lang='lat' dir='ltr'><strong>erat,</strong></span> <span class='ocrx_word' id='word_1_286' title='bbox 939 2097 991 2129; x_wconf 91' lang='lat' dir='ltr'><strong>ibi</strong></span> <span class='ocrx_word' id='word_1_287' title='bbox 1014 2096 1111 2136; x_wconf 82' lang='lat' dir='ltr'><strong>tale,</strong></span> <span class='ocrx_word' id='word_1_288' title='bbox 1138 2101 1174 2128; x_wconf 91' lang='lat' dir='ltr'><strong>et</strong></span> <span class='ocrx_word' id='word_1_289' title='bbox 1198 2105 1434 2140; x_wconf 81' lang='lat' dir='ltr'><strong>quaecunque</strong></span> <span class='ocrx_word' id='word_1_290' title='bbox 1458 2104 1500 2126; x_wconf 80' lang='lat' dir='ltr'><strong>ea</strong></span> <span class='ocrx_word' id='word_1_291' title='bbox 1527 2091 1768 2133; x_wconf 81' lang='lat' dir='ltr'><strong>exornabant,</strong></span> 
     </span>
     <span class='ocr_line' id='line_1_32' title="bbox 326 2140 1786 2188; baseline 0 -14"><span class='ocrx_word' id='word_1_292' title='bbox 326 2147 532 2175; x_wconf 80' lang='lat' dir='ltr'><strong>venustates</strong></span> <span class='ocrx_word' id='word_1_293' title='bbox 557 2146 593 2174; x_wconf 89' lang='lat' dir='ltr'><strong>et</strong></span> <span class='ocrx_word' id='word_1_294' title='bbox 618 2142 761 2186; x_wconf 83' lang='lat' dir='ltr'><strong>gratiae.</strong></span> <span class='ocrx_word' id='word_1_295' title='bbox 811 2148 847 2175; x_wconf 89' lang='lat' dir='ltr'><strong>et</strong></span> <span class='ocrx_word' id='word_1_296' title='bbox 874 2142 943 2176; x_wconf 90' lang='lat' dir='ltr'><strong>hoc</strong></span> <span class='ocrx_word' id='word_1_297' title='bbox 968 2142 1125 2188; x_wconf 77' lang='lat' dir='ltr'><strong>quidem,</strong></span> <span class='ocrx_word' id='word_1_298' title='bbox 1148 2153 1213 2187; x_wconf 90' lang='lat' dir='ltr'><strong>per</strong></span> <span class='ocrx_word' id='word_1_299' title='bbox 1235 2142 1354 2175; x_wconf 83' lang='lat' dir='ltr'><strong>omnia</strong></span> <span class='ocrx_word' id='word_1_300' title='bbox 1378 2140 1531 2174; x_wconf 81' lang='lat' dir='ltr'><strong>civitatis</strong></span> <span class='ocrx_word' id='word_1_301' title='bbox 1556 2140 1645 2179; x_wconf 88' lang='lat' dir='ltr'><strong>loca,</strong></span> <span class='ocrx_word' id='word_1_302' title='bbox 1674 2144 1786 2174; x_wconf 74' lang='lat' dir='ltr'><strong>tem-v</strong></span> 
     </span>
     <span class='ocr_line' id='line_1_33' title="bbox 329 2186 1767 2235; baseline -0.001 -15"><span class='ocrx_word' id='word_1_303' title='bbox 329 2190 390 2234; x_wconf 83' lang='lat' dir='ltr'><strong>pla</strong></span> <span class='ocrx_word' id='word_1_304' title='bbox 413 2199 515 2233; x_wconf 83' lang='lat' dir='ltr'><strong>passa</strong></span> <span class='ocrx_word' id='word_1_305' title='bbox 540 2193 634 2221; x_wconf 87' lang='lat' dir='ltr'><strong>sunt.</strong></span> <span class='ocrx_word' id='word_1_306' title='bbox 682 2190 907 2231; x_wconf 73' lang='lat' dir='ltr'><strong>monasteria,</strong></span> <span class='ocrx_word' id='word_1_307' title='bbox 935 2190 980 2224; x_wconf 85' lang='lat' dir='ltr'><strong>de</strong></span> <span class='ocrx_word' id='word_1_308' title='bbox 1006 2190 1136 2235; x_wconf 88' lang='lat' dir='ltr'><strong>quibus</strong></span> <span class='ocrx_word' id='word_1_309' title='bbox 1177 2195 1282 2222; x_wconf 88' lang='lat' dir='ltr'><strong>antea</strong></span> <span class='ocrx_word' id='word_1_310' title='bbox 1305 2193 1424 2221; x_wconf 87' lang='lat' dir='ltr'><strong>nostra</strong></span> <span class='ocrx_word' id='word_1_311' title='bbox 1449 2187 1562 2220; x_wconf 83' lang='lat' dir='ltr'><strong>oratio</strong></span> <span class='ocrx_word' id='word_1_312' title='bbox 1588 2186 1767 2219; x_wconf 81' lang='lat' dir='ltr'><strong>disserue-</strong></span> 
     </span>
     <span class='ocr_line' id='line_1_34' title="bbox 330 2232 1785 2279; baseline -0.003 -11"><span class='ocrx_word' id='word_1_313' title='bbox 330 2242 394 2276; x_wconf 83' lang='lat' dir='ltr'><strong>rat,</strong></span> <span class='ocrx_word' id='word_1_314' title='bbox 420 2236 458 2267; x_wconf 90' lang='lat' dir='ltr'><strong>in</strong></span> <span class='ocrx_word' id='word_1_315' title='bbox 484 2236 676 2268; x_wconf 85' lang='lat' dir='ltr'><strong>maximum</strong></span> <span class='ocrx_word' id='word_1_316' title='bbox 700 2246 895 2268; x_wconf 82' lang='lat' dir='ltr'><strong>moerorem</strong></span> <span class='ocrx_word' id='word_1_317' title='bbox 914 2237 1096 2270; x_wconf 86' lang='lat' dir='ltr'><strong>intuentes</strong></span> <span class='ocrx_word' id='word_1_318' title='bbox 1123 2235 1344 2275; x_wconf 86' lang='lat' dir='ltr'><strong>abstrahunt,</strong></span> <span class='ocrx_word' id='word_1_319' title='bbox 1369 2246 1441 2267; x_wconf 90' lang='lat' dir='ltr'><strong>non</strong></span> <span class='ocrx_word' id='word_1_320' title='bbox 1460 2239 1598 2267; x_wconf 83' lang='lat' dir='ltr'><strong>tantum</strong></span> <span class='ocrx_word' id='word_1_321' title='bbox 1623 2232 1785 2279; x_wconf 24' lang='lat' dir='ltr'><strong>viduatak</strong></span> 
     </span>
     <span class='ocr_line' id='line_1_35' title="bbox 330 2277 1772 2328; baseline -0.003 -13"><span class='ocrx_word' id='word_1_322' title='bbox 330 2282 514 2315; x_wconf 87' lang='lat' dir='ltr'><strong>monachis</strong></span> <span class='ocrx_word' id='word_1_323' title='bbox 539 2282 691 2327; x_wconf 81' lang='lat' dir='ltr'><strong>turpiter</strong></span> <span class='ocrx_word' id='word_1_324' title='bbox 716 2283 837 2315; x_wconf 82' lang='lat' dir='ltr'><strong>eiectis</strong></span> <span class='ocrx_word' id='word_1_325' title='bbox 866 2288 903 2316; x_wconf 89' lang='lat' dir='ltr'><strong>et</strong></span> <span class='ocrx_word' id='word_1_326' title='bbox 927 2295 970 2316; x_wconf 80' lang='lat' dir='ltr'><strong>ex</strong></span> <span class='ocrx_word' id='word_1_327' title='bbox 986 2284 1109 2328; x_wconf 77' lang='lat' dir='ltr'><strong>patriis</strong></span> <span class='ocrx_word' id='word_1_328' title='bbox 1128 2283 1330 2328; x_wconf 84' lang='lat' dir='ltr'><strong>peregrinas</strong></span> <span class='ocrx_word' id='word_1_329' title='bbox 1360 2282 1398 2314; x_wconf 87' lang='lat' dir='ltr'><strong>in</strong></span> <span class='ocrx_word' id='word_1_330' title='bbox 1426 2281 1528 2314; x_wconf 80' lang='lat' dir='ltr'><strong>sedes</strong></span> <span class='ocrx_word' id='word_1_331' title='bbox 1552 2280 1678 2326; x_wconf 83' lang='lat' dir='ltr'><strong>pulsis,</strong></span> <span class='ocrx_word' id='word_1_332' title='bbox 1703 2277 1772 2311; x_wconf 73' lang='lat' dir='ltr'><strong>sed‘</strong></span> 
     </span>
     <span class='ocr_line' id='line_1_36' title="bbox 327 2326 1770 2375; baseline -0.001 -14"><span class='ocrx_word' id='word_1_333' title='bbox 327 2340 396 2362; x_wconf 78' lang='lat' dir='ltr'><strong>suo</strong></span> <span class='ocrx_word' id='word_1_334' title='bbox 424 2328 615 2374; x_wconf 83' lang='lat' dir='ltr'><strong>splendore</strong></span> <span class='ocrx_word' id='word_1_335' title='bbox 640 2340 681 2362; x_wconf 85' lang='lat' dir='ltr'><strong>ac</strong></span> <span class='ocrx_word' id='word_1_336' title='bbox 703 2329 972 2374; x_wconf 83' lang='lat' dir='ltr'><strong>pulchritudine</strong></span> <span class='ocrx_word' id='word_1_337' title='bbox 997 2331 1162 2375; x_wconf 82' lang='lat' dir='ltr'><strong>spoliata,</strong></span> <span class='ocrx_word' id='word_1_338' title='bbox 1185 2340 1357 2362; x_wconf 82' lang='lat' dir='ltr'><strong>marmora</strong></span> <span class='ocrx_word' id='word_1_339' title='bbox 1386 2328 1562 2373; x_wconf 84' lang='lat' dir='ltr'><strong>siquidem</strong></span> <span class='ocrx_word' id='word_1_340' title='bbox 1587 2337 1707 2359; x_wconf 88' lang='lat' dir='ltr'><strong>eorum</strong></span> <span class='ocrx_word' id='word_1_341' title='bbox 1730 2326 1770 2360; x_wconf 83' lang='lat' dir='ltr'><strong>in</strong></span> 
     </span>
     <span class='ocr_line' id='line_1_37' title="bbox 331 2375 1770 2422; baseline -0.004 -12"><span class='ocrx_word' id='word_1_342' title='bbox 331 2377 447 2411; x_wconf 86' lang='lat' dir='ltr'><strong>solum</strong></span> <span class='ocrx_word' id='word_1_343' title='bbox 479 2375 647 2416; x_wconf 83' lang='lat' dir='ltr'><strong>disiecta,</strong></span> <span class='ocrx_word' id='word_1_344' title='bbox 674 2382 711 2409; x_wconf 89' lang='lat' dir='ltr'><strong>et</strong></span> <span class='ocrx_word' id='word_1_345' title='bbox 732 2377 881 2410; x_wconf 87' lang='lat' dir='ltr'><strong>materia</strong></span> <span class='ocrx_word' id='word_1_346' title='bbox 908 2377 1067 2422; x_wconf 82' lang='lat' dir='ltr'><strong>reliqua,</strong></span> <span class='ocrx_word' id='word_1_347' title='bbox 1105 2376 1151 2409; x_wconf 83' lang='lat' dir='ltr'><strong>ad</strong></span> <span class='ocrx_word' id='word_1_348' title='bbox 1180 2376 1438 2422; x_wconf 85' lang='lat' dir='ltr'><strong>perfectionem</strong></span> <span class='ocrx_word' id='word_1_349' title='bbox 1471 2380 1580 2420; x_wconf 86' lang='lat' dir='ltr'><strong>atque</strong></span> <span class='ocrx_word' id='word_1_350' title='bbox 1605 2378 1770 2406; x_wconf 79' lang='lat' dir='ltr'><strong>ornatum</strong></span> 
     </span>
     <span class='ocr_line' id='line_1_38' title="bbox 332 2419 1775 2469; baseline -0.003 -13"><span class='ocrx_word' id='word_1_351' title='bbox 332 2423 529 2468; x_wconf 84' lang='lat' dir='ltr'><strong>antiquitus</strong></span> <span class='ocrx_word' id='word_1_352' title='bbox 557 2428 775 2466; x_wconf 76' lang='lat' dir='ltr'><strong>exaggerata,</strong></span> <span class='ocrx_word' id='word_1_353' title='bbox 801 2424 944 2469; x_wconf 82' lang='lat' dir='ltr'><strong>rapinae</strong></span> <span class='ocrx_word' id='word_1_354' title='bbox 960 2425 1158 2457; x_wconf 85' lang='lat' dir='ltr'><strong>volentium</strong></span> <span class='ocrx_word' id='word_1_355' title='bbox 1184 2433 1331 2463; x_wconf 88' lang='lat' dir='ltr'><strong>cessere,</strong></span> <span class='ocrx_word' id='word_1_356' title='bbox 1349 2428 1386 2455; x_wconf 86' lang='lat' dir='ltr'><strong>et</strong></span> <span class='ocrx_word' id='word_1_357' title='bbox 1407 2433 1503 2455; x_wconf 90' lang='lat' dir='ltr'><strong>nunc</strong></span> <span class='ocrx_word' id='word_1_358' title='bbox 1527 2419 1775 2466; x_wconf 58' lang='lat' dir='ltr'><strong>spectaculum*</strong></span> 
     </span>
     <span class='ocr_line' id='line_1_39' title="bbox 333 2466 1769 2514; baseline -0.003 -13"><span class='ocrx_word' id='word_1_359' title='bbox 333 2471 409 2502; x_wconf 84' lang='lat' dir='ltr'><strong>sine</strong></span> <span class='ocrx_word' id='word_1_360' title='bbox 452 2470 524 2502; x_wconf 90' lang='lat' dir='ltr'><strong>ullo</strong></span> <span class='ocrx_word' id='word_1_361' title='bbox 560 2470 659 2502; x_wconf 83' lang='lat' dir='ltr'><strong>cultu</strong></span> <span class='ocrx_word' id='word_1_362' title='bbox 693 2470 838 2503; x_wconf 88' lang='lat' dir='ltr'><strong>foedum</strong></span> <span class='ocrx_word' id='word_1_363' title='bbox 879 2482 919 2503; x_wconf 90' lang='lat' dir='ltr'><strong>ac</strong></span> <span class='ocrx_word' id='word_1_364' title='bbox 951 2471 1209 2511; x_wconf 77' lang='lat' dir='ltr'><strong>deformatum,</strong></span> <span class='ocrx_word' id='word_1_365' title='bbox 1247 2469 1614 2514; x_wconf 83' lang='lat' dir='ltr'><strong>circumspectantium</strong></span> <span class='ocrx_word' id='word_1_366' title='bbox 1642 2466 1769 2499; x_wconf 75' lang='lat' dir='ltr'><strong>animis</strong></span> 
     </span>
     <span class='ocr_line' id='line_1_40' title="bbox 333 2513 1768 2560; baseline -0.004 -10"><span class='ocrx_word' id='word_1_367' title='bbox 333 2517 494 2550; x_wconf 78' lang='lat' dir='ltr'><strong>lacrimas</strong></span> <span class='ocrx_word' id='word_1_368' title='bbox 518 2521 743 2560; x_wconf 80' lang='lat' dir='ltr'><strong>extorquent.</strong></span> <span class='ocrx_word' id='word_1_369' title='bbox 769 2522 806 2550; x_wconf 87' lang='lat' dir='ltr'><strong>et</strong></span> <span class='ocrx_word' id='word_1_370' title='bbox 828 2518 934 2550; x_wconf 86' lang='lat' dir='ltr'><strong>multi</strong></span> <span class='ocrx_word' id='word_1_371' title='bbox 957 2529 1039 2550; x_wconf 83' lang='lat' dir='ltr'><strong>sane</strong></span> <span class='ocrx_word' id='word_1_372' title='bbox 1068 2518 1159 2551; x_wconf 84' lang='lat' dir='ltr'><strong>hanc</strong></span> <span class='ocrx_word' id='word_1_373' title='bbox 1181 2517 1358 2550; x_wconf 83' lang='lat' dir='ltr'><strong>civitatem</strong></span> <span class='ocrx_word' id='word_1_374' title='bbox 1382 2516 1516 2560; x_wconf 81' lang='lat' dir='ltr'><strong>patriae</strong></span> <span class='ocrx_word' id='word_1_375' title='bbox 1540 2513 1768 2560; x_wconf 77' lang='lat' dir='ltr'><strong>praeposuis-</strong></span> 
     </span>
     <span class='ocr_line' id='line_1_41' title="bbox 335 2560 1773 2608; baseline -0.004 -11"><span class='ocrx_word' id='word_1_376' title='bbox 335 2569 438 2606; x_wconf 85' lang='lat' dir='ltr'><strong>sent,·</strong></span> <span class='ocrx_word' id='word_1_377' title='bbox 474 2563 637 2608; x_wconf 86' lang='lat' dir='ltr'><strong>adeoque</strong></span> <span class='ocrx_word' id='word_1_378' title='bbox 661 2564 728 2607; x_wconf 86' lang='lat' dir='ltr'><strong>piis</strong></span> <span class='ocrx_word' id='word_1_379' title='bbox 763 2563 966 2597; x_wconf 85' lang='lat' dir='ltr'><strong>hominibus</strong></span> <span class='ocrx_word' id='word_1_380' title='bbox 991 2565 1139 2608; x_wconf 82' lang='lat' dir='ltr'><strong>repleta,</strong></span> <span class='ocrx_word' id='word_1_381' title='bbox 1167 2563 1304 2608; x_wconf 85' lang='lat' dir='ltr'><strong>repleta</strong></span> <span class='ocrx_word' id='word_1_382' title='bbox 1326 2562 1519 2602; x_wconf 86' lang='lat' dir='ltr'><strong>monachis,</strong></span> <span class='ocrx_word' id='word_1_383' title='bbox 1547 2561 1687 2594; x_wconf 84' lang='lat' dir='ltr'><strong>laetitia</strong></span> <span class='ocrx_word' id='word_1_384' title='bbox 1711 2560 1773 2591; x_wconf 92' lang='lat' dir='ltr'><strong>iu-</strong></span> 
     </span>
     <span class='ocr_line' id='line_1_42' title="bbox 333 2608 1776 2655; baseline -0.003 -12"><span class='ocrx_word' id='word_1_385' title='bbox 333 2610 484 2655; x_wconf 86' lang='lat' dir='ltr'><strong>biloque</strong></span> <span class='ocrx_word' id='word_1_386' title='bbox 507 2609 707 2644; x_wconf 81' lang='lat' dir='ltr'><strong>Christiano</strong></span> <span class='ocrx_word' id='word_1_387' title='bbox 744 2611 863 2644; x_wconf 85' lang='lat' dir='ltr'><strong>coetui</strong></span> <span class='ocrx_word' id='word_1_388' title='bbox 892 2622 966 2644; x_wconf 89' lang='lat' dir='ltr'><strong>non</strong></span> <span class='ocrx_word' id='word_1_389' title='bbox 1002 2611 1258 2645; x_wconf 86' lang='lat' dir='ltr'><strong>dedecentibus</strong></span> <span class='ocrx_word' id='word_1_390' title='bbox 1293 2616 1442 2650; x_wconf 84' lang='lat' dir='ltr'><strong>onusta,</strong></span> <span class='ocrx_word' id='word_1_391' title='bbox 1479 2611 1516 2642; x_wconf 87' lang='lat' dir='ltr'><strong>in</strong></span> <span class='ocrx_word' id='word_1_392' title='bbox 1552 2608 1776 2640; x_wconf 69' lang='lat' dir='ltr'><strong>hilaritatem</strong></span> 
     </span>
     <span class='ocr_line' id='line_1_43' title="bbox 335 2654 1776 2700; baseline -0.004 -10"><span class='ocrx_word' id='word_1_393' title='bbox 335 2668 504 2691; x_wconf 83' lang='lat' dir='ltr'><strong>conversa</strong></span> <span class='ocrx_word' id='word_1_394' title='bbox 528 2658 682 2689; x_wconf 79' lang='lat' dir='ltr'><strong>maximo</strong></span> <span class='ocrx_word' id='word_1_395' title='bbox 708 2658 838 2700; x_wconf 83' lang='lat' dir='ltr'><strong>gaudio</strong></span> <span class='ocrx_word' id='word_1_396' title='bbox 858 2658 1045 2699; x_wconf 83' lang='lat' dir='ltr'><strong>frueretur,</strong></span> <span class='ocrx_word' id='word_1_397' title='bbox 1070 2659 1138 2692; x_wconf 89' lang='lat' dir='ltr'><strong>nisi</strong></span> <span class='ocrx_word' id='word_1_398' title='bbox 1157 2658 1246 2690; x_wconf 86' lang='lat' dir='ltr'><strong>adeo</strong></span> <span class='ocrx_word' id='word_1_399' title='bbox 1265 2656 1480 2690; x_wconf 73' lang='lat' dir='ltr'><strong>exsecranda</strong></span> <span class='ocrx_word' id='word_1_400' title='bbox 1496 2655 1674 2688; x_wconf 86' lang='lat' dir='ltr'><strong>sententia</strong></span> <span class='ocrx_word' id='word_1_401' title='bbox 1699 2654 1776 2693; x_wconf 70' lang='lat' dir='ltr'><strong>lata3</strong></span> 
     </span>
     <span class='ocr_line' id='line_1_44' title="bbox 336 2701 1779 2750; baseline -0.006 -12"><span class='ocrx_word' id='word_1_402' title='bbox 336 2703 474 2738; x_wconf 77' lang='lat' dir='ltr'><strong>fuisset.</strong></span> <span class='ocrx_word' id='word_1_403' title='bbox 538 2709 574 2737; x_wconf 88' lang='lat' dir='ltr'><strong>et</strong></span> <span class='ocrx_word' id='word_1_404' title='bbox 611 2714 666 2737; x_wconf 85' lang='lat' dir='ltr'><strong>res</strong></span> <span class='ocrx_word' id='word_1_405' title='bbox 693 2703 837 2750; x_wconf 86' lang='lat' dir='ltr'><strong>quidem</strong></span> <span class='ocrx_word' id='word_1_406' title='bbox 867 2705 965 2739; x_wconf 83' lang='lat' dir='ltr'><strong>urbis</strong></span> <span class='ocrx_word' id='word_1_407' title='bbox 1000 2706 1049 2739; x_wconf 87' lang='lat' dir='ltr'><strong>ita</strong></span> <span class='ocrx_word' id='word_1_408' title='bbox 1084 2717 1120 2739; x_wconf 90' lang='lat' dir='ltr'><strong>se</strong></span> <span class='ocrx_word' id='word_1_409' title='bbox 1153 2704 1323 2738; x_wconf 85' lang='lat' dir='ltr'><strong>habuere.</strong></span> <span class='ocrx_word' id='word_1_410' title='bbox 1378 2714 1473 2737; x_wconf 87' lang='lat' dir='ltr'><strong>nunc</strong></span> <span class='ocrx_word' id='word_1_411' title='bbox 1506 2713 1635 2748; x_wconf 87' lang='lat' dir='ltr'><strong>porro,</strong></span> <span class='ocrx_word' id='word_1_412' title='bbox 1663 2701 1724 2746; x_wconf 84' lang='lat' dir='ltr'><strong>qui</strong></span> <span class='ocrx_word' id='word_1_413' title='bbox 1747 2707 1779 2731; x_wconf 72' lang='lat' dir='ltr'><strong>a&#39;</strong></span> 
     </span>
    </p>
   </div>
   <div class='ocr_carea' id='block_1_4' title="bbox 1772 1583 1806 2585">
    <p class='ocr_par' dir='ltr' id='par_1_4' title="bbox 1772 1583 1806 2585">
     <span class='ocr_line' id='line_1_45' title="bbox 1772 1583 1806 2394; baseline 0 -41"><span class='ocrx_word' id='word_1_414' title='bbox 1772 1583 1806 2394; x_wconf 95' lang='lat' dir='ltr'><strong>   </strong></span> 
     </span>
     <span class='ocr_line' id='line_1_46' title="bbox 1772 2394 1806 2585; baseline 0 -91"><span class='ocrx_word' id='word_1_415' title='bbox 1772 2394 1806 2585; x_wconf 95' lang='lat' dir='ltr'><strong>   </strong></span> 
     </span>
    </p>
   </div>
  </div>
 </body>
</html>
