1806 3190
310 175 328 209 ι
347 156 416 209 26
722 168 949 211 omnen
996 167 1315 208 punim‘rzsss

301 273 432 314 αὐτοῦ
472 270 510 312 οὶ
538 268 635 323 ἐμοὶ
671 266 892 321 ἑξάδελφοι
930 263 1238 321 συνανάτροφοι
1274 260 1390 320 afim&
1426 268 1498 307 καί
1525 268 1642 322 φίλοι
1672 269 1743 311 καὶ

299 340 444 380 δοῦλοι
472 337 614 392 nniuji,
646 335 718 375 καί
750 331 829 386 ἐγώ
859 336 946 384 μετ’
975 332 1128 373 αὐτῶν.
1192 327 1281 372 εἶτα
1310 332 1386 371 τοῦ
1413 335 1564 386 καιροῦ
1594 336 1741 389 φέρω..

297 420 367 453 τος
395 405 599 446 οἰκείωσιν
629 400 733 452 ἐμοῦ
762 396 864 453 πρὸς
906 396 978 439 τόν
1012 398 1247 451 μακαρίτην
1273 395 1345 438 καί
1368 398 1557 450 ἀοίδιμον
1582 401 1741 456 πατέρα

298 471 456 522 αὐτοῦ,
483 469 555 508 καί
582 461 661 508 ὅσα
689 461 799 521 αὐτῷ
821 459 873 519 ἧν
895 464 1102 517 α’ναγκαῖα
1124 464 1176 504 δι’
1204 464 1309 514 ἐμοῦ
1335 458 1541 514 εὕρισκεν.
1598 464 1741 520 ἠγάπα

294 535 373 590 γάρ
405 534 516 588 ἔχειν
542 547 595 584 με
626 529 811 572 καθόλου
841 530 901 579 εἰς
935 529 1010 584 τὴν
1040 529 1174 570 αὑτοῦ
1205 526 1480 583 δουλοσύνην·
1537 529 1778 586 συνήθειαό

292 601 370 655 γὰρ
418 596 466 654 ἦν
495 597 567 639 καί
602 595 715 648 τάξις
756 598 800 638 ἐν
827 601 911 643 τοῖς
951 597 1035 638 τῶν
1064 597 1271 648 βασιλέων
1312 592 1438 643 οἴκοις
1463 602 1621 651 χωρεῖν
1642 595 1743 648 τούς

292 668 376 707 τῶν
403 664 595 719 πατέρων
624 661 848 711 κελλιώτας
879 663 922 703 ἐν
953 667 1039 711 τοῖς
1068 663 1149 702 τῶν
1179 660 1283 702 υὶῶν
1303 663 1492 710 κελλίοις,
1525 661 1615 704 ἄλλ’
1641 662 1744 717 οὕχί

291 729 389 779 τούς
419 733 501 772 τῶν
532 728 635 770 υἱῶν
665 726 886 776 κελλιώτας
917 729 960 769 ἐν
986 732 1071 775 τοῖς
1100 728 1174 768 τοῦ
1203 725 1383 780 πατρός·
1440 730 1564 769 τοῦτο
1604 730 1650 771 δὲ
1678 727 1741 772 ἔτι

294 795 459 848 ζώντων
487 798 567 836 τῶν
599 797 803 848 πατέρων,
835 795 922 834 ἀλλ’
954 791 1172 846 ου’χίμετὰ
1195 791 1391 835 θάνατον.
1449 791 1506 844 ὥς
1535 790 1610 837 οὖν
1636 795 1741 837 α’πέ.

291 866 420 904 θανεν
449 860 468 902 ὃ
495 861 723 914 μακαρίτης
751 861 824 900 καί
851 859 1040 911 ἀοίδιμος
1071 857 1208 913 πατὴρ
1239 859 1396 911 adrui,
1423 857 1528 912 μετα
1552 860 1598 902 τὸ
1627 863 1803 916 πρῶ-ιο

294 943 365 970 τον
393 928 527 969 αὐτοῦ
541 925 805 981 μνημόσυνον
825 927 1139 979 ἑπεστρέψαμεν
1166 923 1317 974 πάντες
1346 924 1384 966 οἱ
1414 929 1635 969 κελλιῶται
1661 929 1742 970 oev'-

223 1012 268 1044 ²9
295 997 373 1037 τοῦ
397 994 455 1042 εἰς
481 993 524 1034 τὸ
559 989 783 1033 παλάτιον·
852 989 950 1039 ἔθος
978 991 1057 1044 γάρ
1092 993 1180 1032 ἐστι
1210 992 1283 1032 καί
1323 993 1466 1044 τοῦτο,
1495 989 1558 1034 ὅτι
1585 992 1623 1036 οἱ
1651 997 1742 1036 κελ-

292 1062 439 1102 infirm
471 1058 602 1100 αὐτοῦ
642 1056 694 1111 δὴ
738 1059 813 1098 τοῦ
851 1059 1057 1110 βασιλέως
1097 1059 1345 1108 καταμένειν
1387 1058 1460 1099 ἐπὶ
1494 1058 1567 1100 τὸν
1603 1059 1742 1115 τάφον

291 1126 424 1168 αὐτοῦ
467 1126 596 1178 μέχρι
633 1125 706 1164 τοῦ
747 1121 913 1177 πρώτου
945 1120 1229 1176 μνημοσύνου.
1287 1122 1360 1163 καί
1386 1121 1520 1172 οὕτως
1552 1122 1742 1181 ἀπήλθο-

289 1207 367 1244 μεν
394 1192 453 1238 εἰς
479 1188 550 1244 τήν
589 1189 722 1231 οἰκίαν
739 1221 751 1241 ,
790 1186 895 1229 ἔνθα
932 1190 1155 1240 κατέμενεν
1197 1187 1219 1227 ὁ
1257 1184 1404 1244 ῥηθείς
1432 1189 1634 1245 δεσπότης
1661 1190 1738 1247 κύρ
1757 1192 1804 1234 15

292 1260 621 1308 Κωνσταντῖνος,
649 1253 900 1302 καθίσαντες
917 1251 996 1303 ἔξω
1026 1253 1083 1302 ὥς
1114 1251 1152 1294 οἱ
1181 1256 1336 1296 πολλοί.
1365 1253 1518 1308 μαθών
1548 1257 1595 1298 δὲ
1618 1260 1741 1299 τοῦτο

291 1322 312 1363 ὁ
345 1320 548 1375 δεσπότης
579 1322 828 1369 α’ποστείλας
856 1318 930 1361 τὸν
951 1319 1069 1362 θεῖόν
1087 1335 1199 1374 μου,
1228 1320 1302 1363 καί
1326 1319 1465 1376 εἴρηκέ
1491 1338 1564 1375 μοι
1592 1325 1743 1366 δεσπο-

290 1392 390 1445 τικῷ
419 1386 706 1440 προστάγματι
747 1383 809 1428 ὅτι
852 1384 905 1428 σι)
935 1388 1014 1438 μὲν
1044 1384 1273 1441 τετήρηκας
1310 1386 1387 1441 τήν
1425 1387 1540 1439 τάξιν
1565 1389 1639 1431 καί
1665 1390 1743 1432 οὐκ

291 1456 484 1508 εἰσῆλθες
515 1455 574 1501 εἰς
615 1451 659 1494 τὸ
701 1454 860 1494 κελλίον
895 1468 979 1505 μου
1018 1453 1061 1503 ἐξ
1102 1451 1252 1506 ὀρθοῦ,
1297 1454 1354 1502 ὥς
1381 1452 1477 1503 ἔθος
1504 1470 1572 1497 σοι
1603 1450 1655 1511 ἦν
1683 1454 1744 1498 ἔτι

293 1522 446 1570 ζῶντος
485 1522 560 1560 τοῦ
606 1515 809 1567 αὖθεντός
848 1533 931 1571 μου
961 1519 1033 1559 καί
1056 1520 1261 1572 βασιλέως
1301 1521 1374 1560 καί
1399 1518 1582 1575 πατρός·
1636 1521 1806 1577 πλήναο

291 1584 413 1639 ἡμεῖς
443 1585 657 1640 ὀφειλέται
689 1579 805 1633 ὄντες
829 1587 902 1638 τῆς
932 1582 1095 1639 ἀγάπης
1139 1584 1211 1626 καί
1238 1585 1491 1641 δουλοσύνης
1520 1590 1603 1641 τῆς
1623 1586 1739 1642 παραὶ

293 1654 371 1693 σοῦ’
399 1651 505 1706 πρὸς
534 1650 663 1692 αὐτὸν
690 1649 881 1704 καὶπρὸς
910 1651 1020 1706 ἡμᾶς
1043 1652 1340 1706 εὕεργετοῦμέν
1360 1668 1407 1694 σε
1425 1655 1503 1694 τοῦ
1531 1651 1743 1696 δύνασθαι

294 1716 499 1774 ἔρχεσθαι
531 1720 573 1768 ἐξ
602 1716 735 1772 ὀρθοῦ
762 1717 835 1759 καί
860 1718 918 1766 εἰς
946 1716 991 1759 τὸ
1024 1718 1183 1758 κελλιόν
1211 1733 1318 1771 μου,
1358 1716 1416 1768 ὥς
1441 1721 1514 1761 καί
1539 1717 1741 1775 πρότερον

386 1862 418 1895 7.
443 1851 611 1889 κελλείοις
637 1850 661 1883 Ρ
793 1861 843 1886 12.
869 1847 926 1885 ὅτι
949 1848 1035 1888 τοὺς
1057 1850 1247 1889 κελλιώιας
1271 1851 1296 1884 Ρ
1432 1853 1482 1887 18.
1507 1849 1574 1900 ὅτι]
1599 1851 1686 1888 τάδε
1714 1852 1738 1886 Ρ

386 1907 443 1930 21.
475 1896 585 1944 ὄντες]
612 1895 706 1932 οὕτω
731 1897 755 1930 Ρ
875 1908 930 1930 22.
957 1897 1053 1944 ἡμᾶς
1080 1899 1194 1945 ἐσμὲν
1219 1897 1335 1944 εὐεργ.
1362 1897 1387 1932 Ρ

292 2021 398 2055 huius
426 2021 513 2063 filii,
538 2021 664 2055 fratres
688 2022 759 2055 mei
781 2022 974 2067 patrueles,
1004 2034 1075 2056 una
1102 2033 1180 2055 cum
1216 2022 1280 2055 illo
1308 2021 1557 2064 educarentur,
1580 2023 1619 2056 in
1643 2023 1743 2057 eius-

292 2069 446 2114 demque
472 2075 591 2102 esseut
613 2070 732 2103 amicis
757 2074 794 2102 et
827 2070 1013 2103 ministris:
1045 2070 1256 2115 quibuscum
1287 2080 1351 2114 ego
1388 2070 1426 2102 in
1451 2070 1550 2103 illius
1578 2071 1660 2104 veni
1687 2070 1740 2104 fa-

291 2116 546 2150 miliaritatem.
583 2115 738 2158 deinde,
771 2116 909 2149 serente
940 2118 988 2150 ita
1021 2117 1261 2162 tempore,in
1289 2116 1387 2149 beati
1429 2122 1465 2150 et
1489 2118 1635 2161 gloriosi
1672 2129 1739 2163 pa-

293 2163 357 2195 tris
387 2163 464 2196 eius
489 2163 723 2197 ministerium
748 2164 898 2204 transii,
923 2166 984 2208 qui
1011 2165 1047 2196 in
1087 2164 1183 2197 omni
1224 2175 1260 2196 re
1289 2163 1357 2196 sibi
1400 2165 1598 2197 necessaria
1629 2175 1740 2210 opera

293 2221 372 2242 mea
397 2209 581 2244 utebatur.
618 2222 761 2255 prorsus
796 2212 887 2243 enim
915 2211 1083 2256 cupiebat
1113 2213 1150 2244 in
1181 2222 1245 2244 suo
1278 2222 1332 2243 ine
1364 2210 1497 2244 habere
1528 2211 1738 2245 ministerio.

293 2268 389 2290 more
415 2262 532 2290 autem
550 2263 586 2290 et
602 2257 862 2291 consuetudine
884 2265 1063 2303 receptum
1081 2263 1156 2291 erat
1176 2259 1212 2290 in
1239 2258 1491 2302 imperatorum
1520 2258 1675 2303 palatiis,
1701 2264 1742 2292 ut

293 2309 433 2348 patrum
455 2304 668 2337 cubicularii
698 2305 735 2338 in
766 2304 932 2337 cubicula
964 2306 1118 2338 filiorum
1142 2306 1339 2346 intrarent,
1375 2316 1448 2337 non
1485 2311 1607 2339 contra
1645 2305 1742 2339 filio·

294 2361 371 2383 rum
395 2350 606 2384 cubicularii
631 2352 669 2384 in
705 2351 870 2385 cubicula
897 2352 1028 2397 patris:
1061 2352 1172 2396 idque
1207 2352 1296 2385 vivis
1336 2351 1519 2396 patribus,
1550 2364 1622 2386 non
1658 2357 1743 2398 post

294 2398 487 2431 eorundem
520 2404 683 2431 mortem.
727 2404 917 2444 postquam
955 2399 1064 2443 igitur
1087 2400 1179 2432 obiit
1210 2399 1335 2431 beatus
1367 2405 1403 2432 et
1438 2399 1614 2444 gloriosus
1637 2405 1742 2444 pater

293 2444 395 2485 eins,
428 2447 580 2490 peractis
618 2445 674 2478 ilii
705 2446 830 2490 primis
869 2446 991 2485 iustis,
1017 2457 1138 2478 omnes
1170 2446 1380 2479 cubicularii
1404 2447 1480 2479 eius
1502 2447 1540 2479 in
1565 2446 1741 2492 palatium

294 2492 423 2524 reversi
448 2504 578 2525 sumus.
604 2503 686 2525 nam
713 2491 772 2526 hic
799 2503 944 2538 quoque
979 2504 1053 2526 mos
1079 2499 1189 2534 tenet,
1217 2499 1256 2526 ut
1280 2492 1490 2526 cubicularii
1515 2494 1740 2538 imperatoris

294 2538 387 2570 circa
422 2539 624 2584 sepulcrum
659 2540 734 2573 eius
769 2546 937 2574 maneant
972 2550 1085 2585 usque
1119 2539 1164 2572 ad
1189 2541 1302 2584 prima
1338 2552 1436 2573 sacra
1467 2540 1657 2574 sunm-alia.
1689 2541 1741 2574 ita

293 2583 435 2617 demum
474 2585 520 2618 ad
559 2587 685 2628 aedes,
719 2587 758 2620 in
783 2587 916 2632 quibus
951 2586 1205 2620 Constantinus
1243 2587 1391 2632 despota
1431 2587 1740 2628 commorabatur,

293 2630 530 2673 discessimus,
558 2634 727 2680 forisque,
753 2639 794 2668 ut
810 2634 919 2668 ceteri
935 2634 1112 2679 pier-ique,
1132 2635 1366 2667 consedimus.
1403 2634 1500 2680 quod
1524 2634 1588 2667 nbi
1603 2634 1742 2668 audivit

292 2677 452 2722 despota,
478 2680 575 2713 misit
602 2681 646 2713 nd
670 2692 727 2713 me
750 2686 917 2726 patruum
943 2691 1072 2719 meum,
1098 2680 1157 2726 qui
1177 2691 1240 2713 suo
1257 2682 1402 2714 nomine
1421 2682 1470 2716 ita
1489 2681 1576 2714 mihi
1605 2692 1739 2715 renun-

291 2725 416 2759 tiaret:
438 2724 566 2759 “recte
595 2733 632 2760 tu
662 2728 808 2772 quidem
836 2739 969 2762 morem
987 2727 1201 2768 observasti,
1225 2734 1265 2761 ut
1289 2739 1361 2762 non
1391 2730 1540 2763 intrares
1557 2729 1675 2763 statim
1700 2728 1739 2762 in
