1806 3190
571 142 671 180 Lm.
698 142 731 180 1.
772 139 890 181 CAP.
918 139 1022 178 xlx.
1465 115 1533 188 87

95 247 233 288 ἐλθεῖν
258 239 361 283 κατὰ
392 240 470 282 τοῦ
500 238 699 295 ἀδελφοῦ,
732 237 806 279 καί
833 237 979 294 φιλίαν
1007 234 1192 289 μεγάλην
1222 231 1327 287 μετὰ
1358 233 1432 274 τοῦ
1461 235 1540 285 βα-

97 312 244 358 σιλέως
270 306 406 361 ἔχων,
437 306 511 347 καί
535 303 610 360 τήν
639 306 854 358 θυγατέρα
883 304 960 344 τοῦ
991 298 1195 343 δεσπότου
1225 302 1301 342 τοῦ
1331 297 1411 353 κύρ
1437 299 1544 340 Θεο-

99 376 236 430 δώρου
266 373 405 422 δούσας
433 372 546 430 αὐτῷ
586 371 645 419 εἰς
680 375 880 425 γυναῖκα,
919 367 1078 423 ἡμέρας
1107 366 1249 422 ὄλίγας
1277 367 1322 408 ἐν
1347 366 1398 422 τῇ
1426 362 1544 406 πόλει

99 444 323 496 διατρίψας
349 441 498 494 ἐξῆλθε
527 434 631 478 κατὰ
661 437 735 478 τοῦ
767 436 917 489 Μωσῆ.
974 436 1048 475 καί
1067 436 1251 486 πολέμου
1282 428 1492 486 γεγονότος
1519 426 1542 470 ὅ

44 503 440 559 ἔδῙΙΙΟυσουλμάνος
475 501 556 545 ὖπὸ
594 504 672 545 τοῦ
701 503 845 555 ,Μωσή
890 501 1087 554 ἐνικήθη,
1132 501 1205 540 καί
1242 496 1438 546 πιασθείς
1477 496 1545 537 ὑπ’

98 573 230 618 αὐτοῦ
270 571 534 626 ἐθανατώθη.
606 570 718 625 (29.)
746 570 817 609 καί
851 565 874 608 ὅ
908 568 1075 620 ΙΙἸωσῆς
1104 564 1318 620 γενόμενος
1344 564 1419 618 τῆς
1451 559 1547 616 ὅλης

92 641 236 696 ,ἀρχῆς
257 639 401 693 κύριος
425 636 570 679 στόλον
596 636 794 690 ἡτοίμασε
823 632 895 674 διὰ
922 631 1142 687 θαλάσσης
1170 633 1243 672 καί
1263 627 1446 685 στρατόν
1475 625 1547 671 διὰ

97 709 227 761 ξηρᾶς
256 707 396 748 ἐλθεῖν
411 701 528 745 ’κατὰ
560 704 631 758 τῆς
656 701 826 749 πόλεως.
886 698 1039 753 μαθών
1068 700 1114 740 δὲ
1142 698 1278 740 ταῦτα
1303 693 1324 738 ὃ
1350 693 1549 750 βασιλεῦς

98 774 181 815 τῶν
199 771 436 824 Ῥωμαίων,
462 767 697 822 Ῥωμαϊκὸν
725 765 871 809 στόλον
900 762 1129 818 ἑτοιμάσας
1161 762 1236 805 καί
1262 760 1548 817 οἰκονομήσας,

24 855 87 882 ,ιο
100 835 378 894 δρουγγάριον
409 831 671 888 καταστήσας
699 832 914 887 ,Μανουηλ
965 829 1036 874 τὸν
1077 829 1204 873 νόθον
1234 826 1447 884 α’δελφόν,
1478 829 1551 869 καί

97 902 221 958 ἐγγυς
255 903 331 958 τῆς
367 900 496 956 νήσου
536 902 608 955 τῆς
638 901 859 954 λεγομένης
897 896 1074 953 ,Πλάτης
1112 894 1152 938 οἱ
1180 894 1318 938 στόλοι
1346 910 1548 948 συναντη-

97 971 261 1021 θέντες,
292 967 313 1011 ὃ
343 970 419 1010 τοῦ
439 969 584 1022 Μωσῆ
611 966 755 1016 στόλος
775 962 962 1022 ἐσφάλη,
996 962 1070 1006 καί
1095 967 1223 1017 μέρος
1251 964 1330 1015 μέν
1360 977 1401 1002 τι
1426 975 1549 1001 κατε-

96 1035 296 1091 ποντίσθη
325 1036 451 1091 μέρος
489 1034 537 1075 δὲ
576 1034 810 1087 ἐβυθίσθη,
851 1031 925 1074 καί
961 1028 1012 1074 τοὶ
1049 1029 1410 1084 ἐναπολειφθέντα
1437 1023 1548 1068 πάνυ

98 1102 218 1157 ὀλίγα
240 1099 439 1155 πλοιάρια
470 1101 607 1147 κακῶς
634 1096 808 1155 ἔφυγον,
839 1097 912 1140 καί
938 1097 963 1152 ἧ
988 1098 1078 1151 νίκη
1101 1095 1326 1148 Ῥωμαίοις
1353 1087 1418 1148 ἦν.
1476 1094 1551 1134 καί

34 1169 143 1214 ιόἐκ
184 1170 259 1222 τῆς
297 1168 426 1223 ξηρᾶς
465 1166 515 1208 τα
559 1160 682 1218 ὅμοια
720 1163 742 1206 ὅ
778 1164 944 1218 ,Μωσῆς
973 1161 1146 1205 ἔπαθεν.
1206 1157 1376 1203 ἀκούων
1407 1159 1548 1200 ταῦτα

95 1231 338 1289 ἀνεχώρησε
365 1230 470 1285 μετὰ
501 1231 716 1286 αἰσχύνης.
770 1234 844 1273 καί
870 1226 1000 1279 αὖθις
1026 1228 1046 1271 ὁ
1073 1226 1274 1281 βασιλεὺς
1301 1223 1548 1279 μεθοδεύων

93 1298 287 1356 μηχανὰς
325 1300 396 1341 ἵνα
435 1298 644 1346 παντελῶς
682 1296 826 1354 νικήσῃ
864 1297 936 1339 τὸν
965 1297 1185 1348 ῙΙΙωῦσῆν,
1230 1294 1399 1342 στείλας
1426 1294 1471 1335 ἐν
1495 1294 1548 1348 τῇ

87 1364 223 1424 Ἀσία
252 1365 378 1422 ἔφερε
400 1364 471 1407 τὸν
497 1367 572 1406 τοῦ
587 1365 938 1418 Μουσουλμοίνου
968 1363 1062 1405 υἱὸν
1084 1361 1294 1418 Ὀρχάνην
1324 1359 1396 1401 καί
1421 1360 1466 1400 ἐν
1494 1361 1548 1414 τῇ

93 1430 279 1490 Εὕροόπῃ
323 1432 529 1486 αὐθέντην
569 1433 760 1483 ἐπέβαλε.
824 1429 1103 1482 καὶπολέμου
1142 1425 1356 1482 γεγονότος
1386 1424 1439 1467 τοὶ
1470 1427 1548 1466 τοῦ

32 1498 295 1553 αοὈρχιένου
338 1495 582 1554 ἐσφάλησαν
594 1530 606 1550 ,
635 1498 1003 1549 ἑπιβουλευθέντος
1041 1494 1156 1550 παρὰ
1183 1495 1262 1535 τοῦ
1291 1491 1547 1546 κυβερνήτου

93 1567 167 1607 καί
182 1564 351 1620 πρώτου
369 1565 514 1618 βεζίρη
536 1563 669 1605 αὐτοῦ
688 1561 910 1617 Σαμπάνη,
929 1562 1002 1603 καί
1017 1562 1173 1611 πιάσας
1191 1558 1320 1602 αὐτὸν
1338 1558 1360 1599 ὅ
1381 1559 1550 1612 ῙΠωσῆς

94 1631 119 1674 (i
147 1634 262 1680 θεῖος
280 1632 410 1672 αὐτοῦ
426 1628 653 1686 ἐτύφλωσε.
682 1630 904 1683 Μεεμέτης
926 1630 973 1670 δὲ
1004 1627 1026 1669 ὅ
1056 1624 1324 1681 ’ὑστερογενής
1353 1623 1445 1673 υἱὸς
1473 1625 1550 1665 τοῦ

92 1694 402 1752 Μπαγιαζήτου
428 1695 496 1737 διὰ
539 1694 585 1737 τὸ
615 1690 720 1736 εἶναι
748 1696 794 1737 ἐκ
821 1693 985 1737 πάντων
1014 1691 1214 1749 νεώτερος
1252 1690 1323 1734 καί
1350 1688 1432 1733 ὕπὸ
1464 1692 1548 1733 τῶν

187 1817 219 1850 5.
244 1813 388 1853 πιάσας
413 1807 528 1849 αὐτὸν
552 1813 792 1849 ἐθανάτωσεν
810 1812 835 1845 Ρ
952 1821 1007 1844 22.
1031 1813 1229 1859 μεχεμίτης
1254 1810 1280 1844 Ρ

92 1925 183 1965 iret3
211 1926 266 1962 et,
294 1922 465 1967 quoniam
491 1931 570 1954 eum
591 1931 665 1953 nou
689 1920 843 1964 vulgaris
869 1919 1024 1952 amicitia
1049 1930 1129 1952 cum
1153 1919 1369 1964 imperatore
1394 1919 1546 1951 coniun-

92 1970 211 2015 gebat,
234 1970 337 2014 isque
351 1968 535 2001 Theodori
559 1967 730 2012 despotae
755 1968 863 2000 filiam
893 1967 928 1999 ei
952 1965 1100 1999 dederat
1116 1966 1154 1998 in
1170 1966 1447 2007 matrimonium,
1468 1965 1545 1999 dies

93 2019 235 2062 aliquot
259 2017 296 2049 in
322 2016 409 2049 urhe
435 2021 692 2055 conunomtus,
713 2020 836 2047 contra
864 2014 998 2047 Mosem
1025 2014 1148 2046 movit.
1177 2014 1318 2058 proelio
1345 2014 1545 2055 commisso,

93 2064 340 2098 Musulmanus
376 2074 396 2095 a
427 2063 527 2095 Mose
556 2061 731 2102 devictus,
767 2067 889 2106 captus
926 2067 963 2094 et
997 2066 1145 2094 necatus
1178 2066 1241 2094 est.
1302 2061 1389 2106 (29.)
1415 2060 1546 2101 Moses,

94 2111 260 2144 universo
286 2121 392 2154 regno
414 2110 566 2155 potitus,
596 2110 745 2142 classem
779 2108 953 2149 adornat,
982 2120 1052 2153 qua
1075 2108 1183 2149 mari,
1221 2109 1437 2148 exercitum,
1470 2119 1545 2152 quo

92 2164 189 2192 terra
213 2157 338 2190 urbem
353 2156 616 2202 aggrederetur.
633 2167 702 2201 qua
728 2166 766 2188 re
795 2161 997 2200 comperta,
1025 2155 1220 2200 imperator
1243 2166 1388 2199 quoque
1418 2156 1548 2187 Roma-

94 2217 219 2238 norum
248 2205 396 2237 classem
431 2210 533 2249 parat
558 2210 594 2236 et
618 2203 771 2244 instruit,
796 2203 854 2236 cui
881 2202 1111 2246 drungarium
1134 2203 1307 2247 praefecit
1331 2201 1546 2243 Manuelem,

94 2253 241 2285 fratrem
263 2251 426 2285 nothum.
452 2250 496 2283 ad
515 2251 638 2283 Piaten
663 2251 814 2283 insulam
842 2250 971 2283 classes
997 2249 1067 2282 sibi
1091 2254 1303 2282 occurrunt:
1332 2260 1439 2282 naves
1465 2249 1546 2282 Mo·-

95 2299 143 2332 sis
166 2298 350 2340 devictae,
386 2298 513 2343 partim
542 2298 747 2338 demersae,
774 2298 903 2342 partim
935 2302 1061 2341 captae
1087 2302 1186 2329 sunt:
1213 2308 1325 2341 pauca
1353 2295 1544 2328 admodum

94 2347 257 2390 navigia,
298 2356 388 2390 quae
419 2344 624 2385 restabant,
651 2345 806 2389 turpiter
843 2344 1029 2389 fugerunt:
1055 2344 1206 2377 victoria
1232 2353 1342 2387 penes
1369 2344 1543 2376 Romanos

92 2394 207 2426 stetit.
232 2393 384 2426 similem
410 2392 447 2425 in
477 2397 570 2425 terra
597 2392 734 2424 cladem
760 2392 877 2424 Moses
905 2392 1054 2436 accepit.
1089 2390 1176 2422 haec
1209 2390 1270 2422 ubi
1305 2389 1436 2431 audiit,
1461 2402 1542 2423 cum

94 2440 290 2483 ignominia
309 2439 465 2474 recessit.
487 2439 680 2483 imperator
698 2438 815 2471 denuo
836 2438 1045 2483 excogitatis
1075 2437 1224 2477 artibus,
1241 2436 1371 2481 quibus
1396 2448 1540 2482 prorsus

93 2486 302 2520 devinceret
324 2487 481 2525 Mosem,
506 2487 621 2519 missis
665 2486 703 2518 in
730 2486 849 2519 Asiam
889 2486 1040 2530 legatis,
1063 2484 1282 2525 Orchanem,
1323 2484 1542 2517 Musulmaui

93 2534 219 2574 filium,
245 2534 428 2567 arcessivit
457 2538 493 2566 et
518 2534 555 2566 iu
580 2534 721 2578 Europa
745 2532 924 2566 dominum
960 2532 1160 2565 constituit.
1190 2536 1226 2563 at
1250 2530 1391 2564 collatis
1416 2532 1542 2576 signis,

91 2580 283 2614 succubuit
305 2580 509 2622 Orchanes,
540 2592 559 2612 a
589 2580 678 2613 duce
719 2592 782 2612 suo
816 2585 852 2613 et
888 2580 1059 2624 primario
1096 2578 1213 2611 veziro
1248 2576 1386 2611 Sabane
1420 2579 1543 2623 prodi-

93 2633 162 2660 tus.
185 2633 327 2672 captum
355 2628 470 2661 Moses
495 2634 641 2672 patruus
668 2628 783 2660 oculis
807 2628 968 2673 privavit.
1031 2625 1252 2658 Mehemetes
1282 2630 1421 2666 autem,
1446 2626 1544 2659 filius

93 2674 266 2708 Bai-azotis
297 2680 383 2707 natu
419 2675 607 2714 minimus,
644 2675 791 2707 fratrum
827 2675 982 2708 omnium
1008 2677 1126 2712 metu,
1159 2683 1237 2704 cum
1268 2671 1423 2716 quodam
1454 2674 1542 2706 arti-

93 2721 160 2754 fice
195 2722 353 2756 arenario
391 2722 566 2755 inlocum
606 2721 784 2768 quendam
810 2721 971 2765 aufugit,
1009 2719 1070 2752 ubi
1095 2719 1334 2753 mercenarius
1362 2720 1472 2762 vixit,
1499 2731 1543 2753 ne
