1806 3190
586 199 684 240 mn.
713 200 785 239 ιιι.
825 197 947 240 CAP.
971 199 1046 239 111.
1430 176 1536 251 237

98 297 411 352 ἐδουλώσαντο,
438 297 512 341 καί
540 299 670 354 μέρος
699 299 744 340 ἐκ
780 299 856 340 τοῦ
882 299 1033 351 λοιμοῦ
1061 295 1133 339 καί
1160 298 1234 352 τῆς
1263 290 1392 352 ἄλλης
1423 311 1545 338 κακο-

99 367 281 415 παθείας
310 367 451 422 ἐπῇρε,
474 367 547 407 καί
574 362 838 418 οὖκόλίγους
867 363 1157 419 Χριστιανούς
1184 363 1466 421 ᾗχμαλώτισε.
1494 362 1544 406 τὰ

101 433 149 474 δὲ
174 434 251 474 τοῦ
279 431 462 485 πολέμου
493 432 698 486 ἀναγκαῖα
729 429 803 472 καί
827 428 1046 484 ἐπιτήδεια
1077 430 1149 473 καί
1175 432 1366 486 μηχαναί
1390 431 1547 482 α’ναμέ-

100 499 175 541 &ov
202 492 377 553 ἤρχοντο
404 498 535 540 πολλά
558 514 570 526 ·
645 495 797 552 ἔφερον
821 495 902 551 γὰρ
933 494 1141 550 ἐλεβόλεις
1171 495 1339 546 πολλάς.
1396 497 1440 548 ἐξ
1468 495 1548 538 αὖ-

18 555 184 613 21Lf5m3v
213 565 260 606 δέ
273 579 378 614 τινες
406 565 605 605 τοσοῦτον
633 562 820 618 ὑπῆρχον
848 564 908 612 εἰς
935 565 1134 616 μέγεθος,
1162 560 1211 612 ἃς
1241 563 1316 605 οὐκ
1343 561 1547 605 ἐδύναντο

28 627 35 642 ⁹
101 627 409 685 τεσσαράκοντα
439 628 558 685 ζεύγη
600 631 712 683 βοῶν
751 626 896 683 σύρειν
924 625 1102 684 ἑκάστην
1131 629 1271 671 αὐτῶν
1297 624 1324 684 ἢ
1355 628 1427 671 καί
1451 645 1548 671 πεν-

99 695 270 750 τήκοντα
303 695 427 751 ζεύγη
457 695 530 737 καί
555 697 679 737 πλέον
708 691 738 750 ἢ
765 694 842 736 δύο
889 693 1081 749 χιλιάδες
1109 691 1340 753 ἅνθρωποι.
1397 696 1470 739 καί
1494 697 1549 753 τῇ

98 760 135 816 β’
165 764 237 805 τοῦ
266 763 505 816 Ἀπριλλίου
527 759 692 818 ἔφθασε
721 760 794 802 καί
820 758 1027 817 ὅοῗμηρᾶς
1051 762 1154 815 μετὰ
1201 764 1359 818 πλῆθος
1400 762 1547 817 α’ναρί-

20 855 42 883 ,5
100 831 259 884 θμητον
307 829 488 882 στρατοῦ
524 826 698 868 ἱππικοῦ
738 843 782 870 τε
811 829 883 869 καί
909 829 1051 879 πεζοῦ.
1124 827 1261 870 ἐλθών
1291 827 1367 882 τὴν
1395 826 1549 882 σκηνην

24 894 235 937 1οαῦτοῦ
261 893 466 949 πήγνυσιν
502 895 546 944 ἐξ
575 895 766 943 ἐναντίας
809 897 881 948 τῆς
908 892 1043 949 πυ’λης
1070 898 1147 936 τοῦ
1173 894 1293 949 ἁγίου
1314 894 1549 948 Ῥωμανοῦ,

100 963 172 1003 καί
200 959 222 1002 ὅ
251 959 428 1013 στρατὸς
458 959 561 1002 ὦσεί
580 956 718 1013 ἅμμος
750 959 966 1015 θαλάσσης
996 959 1099 1002 κατὰ
1137 961 1184 1003 τὸ
1209 961 1446 1014 Ἔξαμίλιον
1475 963 1550 1013 τῆς

98 1031 255 1082 χέρσου
285 1030 329 1069 ἐκ
359 1029 433 1081 τῆς
459 1029 562 1080 μιᾶς
590 1026 809 1081 θαλάσσης
829 1030 903 1069 καί
930 1026 973 1069 ἐκ
1000 1029 1072 1082 τῆς
1104 1026 1264 1082 ἐτέρας.
1323 1029 1394 1069 καί
1423 1024 1444 1067 ὅ
1475 1029 1550 1081 τῆς

99 1095 304 1147 ἀνατολῆς
329 1091 511 1147 στρατὸς
538 1095 718 1148 ἐπήξατο
747 1092 823 1142 τας
859 1094 1008 1149 σκηνὰς
1039 1094 1177 1136 αὐτῶν
1209 1095 1253 1136 ἑν
1283 1101 1369 1143 τοῖς
1399 1095 1550 1145 δεξιοῖς

99 1162 246 1215 μέρεσι
287 1161 363 1201 τοῦ
405 1160 550 1215 ἆμηρᾶ
588 1160 662 1201 καί
690 1161 766 1209 ἕως
793 1162 874 1202 τῶν
902 1161 1034 1202 οἷκτῶν
1070 1163 1142 1216 τῆς
1169 1160 1388 1216 θαλάσσης
1414 1160 1548 1216 πύλης

15 1216 172 1280 ’μιότῆς
193 1228 380 1281 χρυσῆς,
423 1223 444 1266 ὁ
474 1227 521 1268 δὲ
548 1228 620 1282 τῆς
650 1227 859 1281 Εὐρώπης
891 1229 935 1269 ἐν
961 1230 1012 1285 τῇ
1042 1228 1244 1284 α’ριστερᾷ
1271 1229 1343 1269 καί
1371 1229 1450 1277 ἕως
1474 1229 1550 1282 τῆς

99 1292 231 1347 πύλης
258 1294 330 1347 τῆς
358 1294 522 1347 ξυλίνης
559 1294 642 1334 τῶν
671 1293 808 1334 α’κτῶν
836 1295 913 1335 τοῦ
941 1296 1156 1347 Κερατίου
1185 1294 1353 1335 κόλπου.
1427 1292 1500 1336 καί
1525 1292 1550 1335 ὅ

98 1359 265 1414 ἀμηρᾶς
290 1361 609 1412 περιεκυκλοῦτο
640 1360 829 1413 ὅρυκτοῖς
865 1359 1150 1415 χαρακώμασι
1177 1359 1249 1402 καί
1272 1362 1451 1410 ξυλίνοις
1478 1375 1551 1402 πε-

99 1422 446 1480 ρισταυρώμασι,
476 1426 550 1466 καί
587 1423 746 1475 ἔξωθεν
775 1427 852 1467 τοῦ
879 1427 1192 1480 χαρακώματος
1218 1429 1483 1481 περιίσταντο
1511 1426 1552 1468 οἱ

99 1489 350 1545 ἰαννιτζοίροι
380 1489 458 1531 συν
485 1496 569 1539 τοῖς
597 1486 741 1540 ἄλλοις
767 1492 953 1545 εὕγενέσι
980 1494 1054 1534 τοῦ
1082 1491 1290 1534 παλατίου
1321 1493 1468 1534 αὐτοῦ.
1526 1490 1551 1534 ὅ

11 1542 88 1598 1πο
102 1556 148 1598 δὲ
175 1559 363 1609 μπασιοῖς
392 1554 413 1597 ὅ
444 1558 521 1598 τοῦ
552 1557 699 1612 ἄμηρᾶ
719 1555 923 1613 συγγενὴς
949 1556 1086 1601 ἐλθών
1113 1556 1344 1614 ἐσκήνωσεν
1374 1557 1464 1613 ἅμα
1493 1561 1552 1617 τῷ

99 1623 424 1674 ἐμπιστευθέντι
473 1621 587 1680 αὑτῷ
626 1626 789 1681 στρατῷ
827 1618 991 1667 ἄνωθεν
1032 1626 1109 1666 τοῦ
1148 1627 1189 1667 Γ
1188 1625 1338 1666 αλατοῖ.
1404 1627 1479 1667 καί
1501 1628 1552 1683 τῇ

99 1688 207 1745 αὐτῇ
232 1688 368 1745 ἡμέρᾳ
396 1686 585 1744 ἔφθασεν
609 1689 684 1732 καί
704 1692 833 1746 μέρος
863 1694 939 1732 τοῦ
966 1687 1115 1734 στόλου
1147 1691 1292 1746 αὐτοῦ,
1320 1693 1393 1734 καί
1423 1695 1548 1748 ἑπλη·

194 1805 228 1838 3.
252 1804 501 1852 μηχανήματα
523 1807 561 1840 Μ
707 1806 740 1850 4.
769 1808 977 1853 τηλεβόλους
1002 1818 1060 1843 sec
1077 1810 1103 1844 P
1254 1810 1288 1844 6.
1312 1810 1413 1854 βοῶν
1440 1821 1497 1844 om
1526 1810 1549 1843 P

195 1863 226 1896 7.
255 1851 359 1898 ζεύγη
384 1863 440 1886 om
465 1854 488 1886 P
609 1865 660 1887 ιι.
688 1850 753 1891 τὸν
779 1850 920 1903 ἰσθμὸν
946 1857 972 1890 Ρ
1096 1867 1147 1902 ι9.
1171 1856 1407 1904 γιανιτζάροι
1433 1858 1459 1892 Ρ

102 1968 194 2003 rant,
220 1970 437 2009 expugnatas
463 1966 603 1999 evertit.
633 1966 760 2000 horum
783 1970 972 2012 partemin
997 1969 1205 2003 servitutem
1233 1969 1388 2014 redegit,
1410 1976 1547 2016 partem

99 2017 202 2057 peste
230 2017 268 2044 et
291 2012 372 2045 aliis
399 2012 635 2046 incommodis
672 2015 848 2056 confecit,
883 2027 924 2049 ac
958 2027 1031 2049 non
1058 2018 1164 2062 pauci
1199 2016 1389 2050 Christiani
1416 2019 1549 2062 captivi

100 2059 183 2092 facti
211 2064 303 2092 sunt.
334 2070 388 2091 res
413 2058 459 2092 ad
486 2059 623 2093 bellum
657 2063 877 2095 necessariae
910 2069 946 2096 et
970 2064 1078 2097 utiles
1102 2076 1182 2097 cum
1206 2064 1380 2098 machinis
1405 2064 1548 2099 interim

100 2116 227 2150 magno
253 2117 400 2138 numero
432 2105 724 2141 advehebantur:
760 2109 797 2142 iu
830 2109 884 2143 his
922 2110 1108 2156 helepoles
1147 2112 1367 2156 permultae,
1399 2123 1549 2156 quarum

99 2152 297 2186 nonnullae
325 2158 446 2186 tantae
484 2160 587 2188 erant
623 2156 900 2200 magnitudinis,
936 2164 976 2192 ut
998 2159 1158 2204 singulae
1185 2171 1204 2191 a
1227 2158 1464 2205 quadraginta
1491 2161 1549 2193 vel

99 2199 362 2244 quinquaginta
378 2200 470 2245 iugis
489 2200 598 2235 boum
625 2209 734 2247 atque
759 2203 941 2237 hominum
967 2205 1048 2250 plus
1080 2205 1221 2239 duobus
1255 2206 1416 2240 millibus
1453 2207 1548 2240 trahi

99 2257 173 2279 non
203 2252 362 2291 possent.
387 2248 546 2281 secundo
572 2251 707 2294 Aprilis
740 2251 816 2296 ipse
837 2263 972 2285 ameras
998 2253 1100 2286 affuit
1124 2265 1203 2286 cum
1232 2253 1346 2298 copiis
1371 2255 1550 2300 equestri-

100 2292 168 2327 bus
200 2299 237 2327 et
273 2294 502 2338 pedestribus
550 2296 762 2338 innumeris,
812 2304 849 2332 et
893 2300 1089 2333 tentorium
1139 2311 1184 2333 ex
1234 2300 1382 2333 adverso
1420 2307 1548 2345 portae

99 2342 213 2374 sancti
251 2341 398 2374 Romani
435 2342 537 2383 fixit,
577 2350 687 2389 atque
724 2346 898 2387 exercitus
942 2352 982 2380 ut
1016 2358 1123 2380 arena
1157 2348 1262 2380 maris
1297 2347 1343 2380 ad
1379 2347 1550 2382 nexami-

99 2387 188 2420 lium
227 2398 291 2431 per
330 2394 459 2422 terram
495 2389 539 2423 ab
573 2402 645 2424 uno
671 2393 759 2424 mari
789 2392 835 2425 ad
870 2393 1019 2427 alterum
1047 2395 1222 2439 pertinuit
1254 2399 1363 2439 atque
1389 2394 1548 2429 orienta-

99 2433 144 2467 lis
169 2434 314 2480 quidem
349 2446 430 2480 pars
466 2447 486 2468 a
518 2436 643 2472 dextra
679 2450 817 2472 amerae
847 2452 961 2486 usque
987 2440 1031 2473 ad
1062 2447 1218 2486 portam,
1244 2452 1336 2486 quae
1361 2447 1415 2474 est
1438 2442 1475 2476 in
1499 2443 1547 2476 li—

100 2485 190 2522 tore,
215 2492 358 2514 auream
384 2488 631 2519 castrametata
660 2491 735 2526 est,
761 2486 944 2533 Europaea
969 2499 988 2520 a
1016 2489 1156 2521 sinistra
1183 2499 1296 2532 usque
1322 2487 1366 2521 ad
1391 2489 1547 2534 ligneam

99 2533 238 2572 portam
264 2529 301 2561 in
323 2530 420 2563 sinus
445 2529 601 2565 Ceratini
640 2533 748 2566 litore
772 2534 886 2567 sitam.
916 2540 993 2569 erat
1018 2545 1153 2569 :imeras
1180 2534 1276 2568 vallo
1301 2540 1338 2569 et
1360 2535 1453 2569 fossa
1477 2548 1547 2582 pa-

100 2573 217 2620 lisque
242 2576 392 2616 cinctus,
417 2581 454 2610 et
479 2583 578 2611 extra
601 2580 734 2613 vallum
760 2581 904 2615 stabant
928 2582 1114 2615 iannitzari
1142 2593 1222 2614 cum
1246 2582 1393 2627 reliquis
1421 2584 1547 2628 palatii

103 2621 320 2665 proceribus.
357 2623 476 2668 pasin·
500 2631 619 2659 autem
635 2652 644 2666 ,
681 2634 850 2672 cognatus
881 2639 1043 2669 amerae,
1067 2640 1146 2662 cum
1171 2630 1330 2662 exercitu
1357 2629 1424 2663 sibi
1449 2642 1549 2664 com-

102 2668 210 2702 misso
238 2680 343 2714 supra
376 2670 541 2704 Galatam
575 2679 690 2707 castra
714 2675 848 2720 posuit.
889 2675 1014 2708 eodem
1058 2674 1118 2708 die
1146 2687 1226 2720 pars
1254 2676 1376 2710 classis
1404 2677 1549 2712 advenit

105 2719 144 2747 et
166 2726 279 2760 prope
315 2717 438 2750 urbem
463 2717 508 2750 ad
543 2719 626 2753 litus
646 2722 752 2754 maris
787 2722 937 2767 appulit.
980 2727 1083 2755 erant
1113 2724 1272 2757 triremes
1298 2729 1335 2757 et
1357 2723 1547 2759 dromones

104 2761 244 2795 circiter
267 2763 423 2808 triginta,
447 2775 553 2799 nave·
577 2767 732 2802 minores
751 2775 868 2802 autem
895 2773 932 2802 et
957 2769 1136 2803 unii-emes
1161 2775 1303 2804 centum
1326 2775 1363 2804 et
1387 2772 1545 2816 triginta.
