1806 3190
298 137 400 204 140
707 155 935 196 cri-:onon
975 151 1292 195 mmmmm:

291 259 410 298 σιλαν
438 257 634 311 α’ρχιερέα
653 287 663 306 ,
704 256 776 295 καί
815 248 970 309 ᾤκησεν
1011 254 1069 301 εἰς
1097 250 1174 306 τήν
1212 251 1341 306 μονήν
1368 255 1440 306 τῆς
1467 249 1588 305 ἁγίας
1622 253 1727 295 Θεο-

291 322 426 376 δώρας
452 321 554 374 μετὰ
593 323 662 374 τῆς
691 318 1042 373 Παλαιολογίνης,
1087 319 1285 372 ἐναρέτου
1322 318 1395 359 καί
1419 319 1558 372 λογίας
1582 332 1728 372 γυναι-

291 385 382 440 κός,
423 388 520 438 περί
559 382 608 439 ἧς
637 383 832 432 πολλάκις
876 385 1054 432 πολλοὺς
1095 379 1252 438 ἤκουσα
1284 383 1395 437 παρὰ
1426 387 1505 424 τοῦ
1531 383 1729 436 ἀοιδίμου

290 454 494 504 βασιλέως
521 450 598 505 κὺρ
617 449 828 505 Μανουήλ
856 451 1063 500 ἐπαίνους,
1093 451 1165 491 καί
1189 448 1367 498 πολλοὺς
1395 446 1570 498 κανόνας
1597 446 1658 498 εἴς
1683 463 1730 489 ’τε

291 517 362 558 τόν
400 513 515 569 ἅγιον
545 515 779 570 Δημήτριον
819 517 892 557 καί
943 515 1065 569 ἁγίαν
1111 513 1333 568 Θεοδώραν
1371 517 1443 556 καί
1481 515 1541 564 εἰς
1580 509 1768 561 ἅλλους5

292 583 435 635 ἁγίους
475 582 688 634 ἄνέγνωσα
720 581 800 635 ἐγώ
842 583 999 635 ἐκείνης
1035 579 1271 635 ποιήματα·
1330 581 1378 622 αἲ
1403 577 1516 634 εἶχον
1541 578 1622 621 σὺν
1652 577 1732 620 αὖ·

290 653 380 695 ταῖς
405 648 474 688 καί
502 645 576 700 τήν
605 646 728 700 ἁγίαν
759 648 964 699 Θωμαΐδα
982 679 993 698 ,
1027 645 1101 688 καί
1126 648 1347 687 ἐπαίδευον
1374 645 1433 695 εἴς
1460 661 1503 687 τε
1531 643 1606 699 τὴν
1633 644 1732 698 α’ρε-

289 711 362 766 τήν
389 714 461 753 καί
489 712 620 766 λόγον.
678 711 734 761 ὥς
765 713 810 753 δὲ
838 708 943 766 ἦλθε
970 711 1015 754 τὸ
1050 714 1163 760 τέλος
1190 712 1348 764 αὐτῶν,
1380 714 1599 753 κατέλιπον
1627 709 1734 766 αὐτῇ

289 776 421 819 πάντα
450 777 501 819 τὰ
530 775 693 826 αὐτῶν,
725 776 831 819 ἄλλα
864 776 914 831 δή
947 780 1019 818 καί
1044 777 1119 832 τήν
1145 781 1216 819 τοῦ
1248 779 1501 831 Κυπριανοῦ
1526 780 1730 830 γυναῖκα,

291 841 382 896 ἥτις
410 842 728 896 ἀγανακτήσασα
763 843 805 885 τὸ
845 843 1023 897 σκληρὸν
1065 846 1141 884 τοῦ
1169 844 1321 897 ἀνδρὸς
1351 840 1477 897 αὑτῆς
1510 844 1581 883 καί
1605 841 1731 883 α’πελ-
1751 856 1784 882 ι(

291 911 430 950 θοῦσα
459 907 562 961 πρὸς
588 908 664 957 τοὶς
694 909 895 964 ῥηθείσας
927 908 1057 961 μονάς
1084 909 1248 962 μοναχή
1278 910 1458 962 ἐγένετο,
1491 908 1583 950 ἐπεὶ
1611 907 1658 948 δὲ
1687 905 1734 947 τὸ

296 977 409 1023 τέλος
435 974 574 1015 αὐτῶν
613 976 794 1028 ἐγένετο,
829 973 953 1016 πάλιν
992 972 1175 1028 ὑπετάγη
1215 976 1267 1030 τῇ
1294 976 1458 1016 ἐκείνων
1495 970 1734 1029 κληρονόμῳ

293 1040 366 1081 καί
402 1041 478 1080 τοῦ
505 1042 624 1092 βίου,
669 1037 776 1088 ὅπως
817 1040 962 1094 δήποτε
1000 1040 1071 1080 καί
1107 1045 1198 1087 ταῖς
1227 1041 1392 1093 ἀρεταῖς
1430 1036 1636 1092 ὕπετάγη,
1666 1035 1739 1078 καί

294 1107 428 1155 καλῶς
458 1106 626 1158 διήνυσε
658 1106 730 1147 τὸν
769 1108 842 1159 τῆς
869 1106 1077 1159 ὑποταγῆς
1107 1103 1263 1158 δρόμον
1293 1107 1418 1159 μέχρι
1444 1103 1650 1146 θανάτου.
1708 1100 1736 1155 ἦ

295 1170 551 1224 Κυπρῖανοῦ
578 1173 681 1223 λέγω
709 1169 813 1224 γυνή
840 1165 889 1225 ἦν
918 1167 1028 1224 αὕτη
1058 1171 1133 1211 τοῦ
1162 1170 1354 1218 ἐλθόντος
1381 1172 1440 1218 εἰς
1466 1172 1735 1212 Κωνσταντι-
1754 1173 1789 1213 ιξ

294 1234 487 1277 νούπολιν
525 1237 598 1276 καί
634 1234 710 1290 τήν
745 1237 873 1291 μονήν
895 1236 1104 1284 κτίσαντος
1144 1234 1217 1290 τήν
1248 1238 1307 1284 εἰς
1338 1231 1467 1286 ὄνομα
1500 1238 1583 1276 τῶν
1611 1233 1738 1287 ἁγίων

296 1300 471 1350 ἐνδόξων
496 1300 880 1357 μεγαλομαρτύρων
899 1301 1142 1355 Θεοδώρων,
1173 1302 1533 1354 ἐπονομαζομένην
1560 1303 1633 1342 τοῦ
1649 1302 1740 1340 Κυ-

295 1367 484 1419 πριανοῦ.
554 1368 634 1407 τῶν
661 1368 707 1408 δὲ
749 1368 911 1420 α’σεβαῖν
947 1366 1020 1421 τήν
1058 1367 1365 1421 Θεσσαλονίκην
1412 1364 1742 1420 παραλαβόντων

297 1431 525 1479 ἐξελθοῦσα
572 1431 594 1485 ἦ
633 1429 728 1473 ὄσία
760 1433 932 1484 Θωμαῒς
970 1431 1074 1484 μετά
1105 1434 1179 1486 τῆς
1211 1429 1483 1486 ὖποτακτικῆς
1514 1431 1643 1485 αὓτῆς
1669 1430 1742 1484 τῆς

297 1498 554 1551 Κυπριανοῦ
584 1495 774 1550 γυναικὸς
803 1499 988 1552 α’πῆλθεν
1017 1499 1077 1547 εἰς
1107 1499 1308 1552 Λῆμνον,
1339 1498 1406 1539 ἴνα
1435 1499 1594 1539 ἐκεῖθεν
1618 1494 1743 1538 πάλιν
1755 1511 1794 1536 2(

298 1562 359 1610 εἰς
382 1561 458 1615 τήν
487 1564 802 1604 Κωνσταντίνου
832 1565 1053 1619 ἐπανέλθῃ.
1111 1566 1154 1605 ἐν
1181 1564 1227 1605 δὲ
1256 1566 1308 1620 τῇ
1333 1561 1496 1620 Λήμνῳ
1523 1560 1544 1603 ὅ
1578 1560 1743 1610 πάππος

298 1643 380 1680 μου
412 1627 623 1682 εὑρίσκετο
653 1629 758 1680 μετὰ
788 1631 860 1682 τής
889 1628 1080 1682 γυναικὸς
1111 1626 1244 1670 αὑτοῦ
1273 1628 1347 1671 καί
1372 1631 1538 1671 τέκνων.
1613 1627 1638 1682 ἡ
1669 1621 1744 1668 οὖν

300 1693 444 1747 πρώτη
470 1695 549 1734 τῶν
579 1694 714 1734 αϋτοῦ
745 1697 984 1749 θυγατέρων
1020 1695 1168 1736 ἰδοῦσα
1199 1695 1275 1749 τήν
1314 1692 1434 1736 ὁσίαν
1463 1695 1534 1736 καί
1562 1691 1639 1747 τήν
1667 1692 1745 1732 av'-

301 1760 373 1813 τῆς
402 1757 556 1814 α’ρετήν
585 1758 657 1800 καί
679 1758 750 1801 τὸν
780 1758 899 1814 λόγον
927 1762 1164 1814 ἐγκατέλιπε
1186 1767 1317 1815 γονεῖς
1343 1763 1416 1802 καί
1443 1757 1653 1815 α’δελφοὺς
1675 1760 1750 1800 καί

396 1884 430 1917 6.
457 1881 562 1927 εἶχαν
592 1883 614 1913 Ρ
732 1895 764 1927 9.
793 1881 810 1924 ἦ
837 1902 881 1907 ——
906 1882 997 1928 γυνή
1026 1884 1047 1916 Ρ
1193 1894 1243 1917 12.
1271 1883 1465 1919 ndi-trem
1490 1883 1514 1915 P

306 2001 454 2037 scopus,
477 1992 690 2038 abdiditque
720 2005 756 2026 se
781 1995 818 2026 in
837 1995 1087 2027 monasterium
1114 2000 1256 2028 sanctae
1273 1994 1486 2028 Theodorae
1505 2006 1583 2027 cum
1599 1994 1750 2027 Palaeo·
1805 1991 1806 1994 '

306 2041 447 2084 logina,
473 2039 604 2072 femina
628 2040 771 2073 virtutis
797 2046 834 2074 et
856 2042 1039 2074 literarum
1063 2042 1244 2082 studiosa,
1273 2042 1371 2074 cuius
1397 2053 1463 2085 ego
1490 2041 1619 2074 multas
1643 2051 1750 2085 saepe

307 2086 431 2119 laudes
459 2097 477 2119 e
501 2086 706 2120 venerando
731 2087 962 2132 imperatore,
985 2089 1154 2122 Manuele
1179 2089 1345 2129 domiuo,
1372 2088 1512 2128 audivi,
1540 2093 1576 2122 et
1599 2087 1751 2131 hymnos

307 2144 382 2166 nou
411 2144 544 2178 paucos
577 2134 615 2165 in
647 2140 805 2167 sanctum
831 2135 1051 2167 Demetrium
1079 2141 1115 2168 et
1147 2142 1304 2168 sanctam
1340 2133 1567 2168 Theodoram
1602 2141 1639 2167 et
1661 2134 1754 2167 alios

308 2185 447 2213 sanctos
466 2179 548 2223 legi.
576 2179 756 2213 habebant
778 2186 896 2214 autem
924 2192 1040 2214 secum
1059 2188 1217 2215 sanctam
1233 2193 1375 2227 quoque
1393 2180 1629 2216 Thomaidem
1653 2191 1753 2214 eam-

309 2238 378 2272 que
405 2226 451 2259 ad
477 2227 617 2259 virtutis
658 2233 695 2259 et
730 2227 915 2260 literarum
951 2227 1178 2273 disciplinam
1205 2228 1430 2269 erudiebant.
1468 2239 1579 2273 quum
1604 2228 1755 2261 instaret

310 2274 397 2318 ipsis
425 2272 570 2306 vivendi
596 2273 691 2314 finis,
718 2273 834 2307 eidem
858 2286 949 2320 quae
965 2274 1150 2309 habebant
1174 2276 1294 2308 omnia
1320 2272 1553 2320 reliquerunt,
1577 2285 1648 2307 una
1673 2285 1753 2308 cum

310 2330 420 2353 uxore
445 2319 635 2365 Cypriani,
672 2331 762 2365 quae
787 2332 946 2365 asperam
974 2322 1039 2354 viri
1064 2323 1116 2355 sui
1146 2328 1310 2356 naturam
1334 2333 1408 2355 non
1435 2322 1573 2362 ferens,
1597 2322 1636 2354 in
1659 2319 1755 2354 illud

310 2366 472 2411 profecta
496 2367 760 2408 monasterium,
786 2368 880 2401 inter
903 2368 1093 2401 monachas
1120 2380 1251 2402 nomen
1277 2368 1446 2412 dederat,
1470 2371 1660 2414 postquam
1688 2379 1755 2400 au-

311 2419 383 2446 tem
410 2413 494 2446 illae
520 2412 613 2446 diem
640 2413 829 2455 obierunt,
858 2415 1158 2459 quemadmodum
1184 2417 1306 2449 virtuti
1332 2426 1369 2448 se
1401 2415 1570 2455 subiecit,
1598 2415 1648 2447 ita
1672 2413 1757 2447 illa-

313 2471 390 2492 rum
413 2465 487 2492 tum
513 2459 688 2493 bonorum
713 2466 789 2494 tum
815 2462 910 2494 vitae
945 2473 982 2495 se
1007 2462 1160 2495 subiecit
1187 2462 1339 2502 heredi,
1367 2467 1402 2494 et
1427 2461 1532 2494 huius
1560 2461 1755 2494 subiectio-

313 2507 367 2538 nis
393 2517 532 2539 cursum
557 2507 737 2551 praeclare
773 2519 883 2552 usque
911 2508 957 2540 ad
982 2514 1130 2541 mortem
1155 2509 1321 2542 confecit.
1351 2509 1480 2541 coniux
1505 2508 1592 2541 haec
1608 2507 1757 2552 Cypria-

314 2552 370 2592 ni,
397 2553 556 2598 inquam,
578 2554 678 2586 illius
704 2559 798 2594 erat,
822 2555 884 2599 qui
911 2555 1049 2599 Cpolim
1076 2556 1192 2596 venit,
1217 2561 1252 2588 et
1276 2555 1530 2588 monasterium
1554 2559 1758 2588 sanctorum

315 2604 505 2640 martyrum
528 2600 705 2633 nobilium
721 2600 991 2634 Theodororum
1017 2603 1236 2640 construxit,
1263 2602 1360 2647 quod
1384 2601 1552 2647 Cypriani
1578 2601 1760 2645 cognomi·

317 2650 431 2679 natur.
479 2646 734 2680 Thessalonica
753 2647 798 2679 ab
826 2648 942 2693 impiis
964 2654 1150 2693 occupata,
1184 2654 1302 2681 sancta
1319 2648 1487 2682 Thomais
1514 2659 1591 2681 cum
1617 2647 1759 2680 alumna
1804 2680 1806 2683 .

320 2702 404 2732 sua,
433 2691 599 2736 Cypriani
627 2694 796 2739 coniuge,
820 2694 857 2733 in
885 2695 1052 2728 Lemnum
1081 2694 1262 2737 discessit,
1288 2695 1371 2729 inde
1400 2694 1538 2740 Cpolim
1565 2704 1758 2728 reversura.
1802 2705 1806 2726 τ’
