1806 3190
515 158 617 198 Lm.
645 159 677 198 1.
727 154 847 198 CAP.
873 155 1052 195 xxxiv.
1406 136 1507 191 105

23 252 27 256 ’
71 253 203 307 οὕτως
230 255 269 298 οἷ
301 255 467 311 Κρῆτες
489 256 730 312 Ἀγαρηνοί
748 253 904 304 ἰδόντες
930 255 1189 307 ε’δειλίασαν,
1217 251 1292 302 τὰς
1306 255 1388 296 τῶν
1409 253 1512 298 Ῥω-

67 327 205 378 μαίων
233 323 480 377 στρατηγίας
508 325 580 365 καί
596 319 790 376 μηχανὰς
808 321 1118 373 θαυμάζοντες·
1175 318 1248 362 καί
1268 318 1344 375 τήν
1371 320 1511 364 τοιαύ-

24 384 29 409 Ῑ
67 406 142 445 την
169 387 380 430 ἀπώλειαν
407 388 607 445 ἐξαίφνης
632 385 861 439 παθόντες,
893 387 1148 442 φοβηθέντες
1177 385 1249 429 καί
1275 386 1509 430 demadem>-

68 471 133 504 τες
155 454 369 510 ἠρέμησαν
397 457 474 496 τοῦ
513 454 662 496 λοιποῦ
684 450 829 508 καιρόν
853 468 948 494 τινα
986 451 1057 494 καὶ
1083 451 1242 508 φόρους
1267 456 1326 511 τῷ
1348 457 1520 508 βασιλεῖ

36 519 279 577 ΒΒιισιλείῳ
306 518 454 570 ἔταξαν
484 521 637 562 δοῦναι.

181 587 354 641 Καιροῦ
389 585 671 641 παρελθόντος
704 586 805 627 ἐτῶν
833 581 935 626 ὦσεί
973 585 1071 626 δέκα
1100 583 1149 626 τοὶ
1181 584 1344 642 συνήθη
1373 586 1516 629 αὐτῶν

70 651 111 694 οἱ
136 651 347 708 βάρβαροι
374 649 497 693 πάλιν
525 651 601 692 οὐκ
639 649 795 693 ἔπαυον
824 650 1023 704 πράττειν
1058 651 1130 691 καί
1155 652 1310 704 ληΐζειν
1337 652 1414 702 τὰς
1440 652 1515 707 νή-

70 733 196 772 σους,
241 721 312 760 καί
345 715 439 766 τούς
467 715 624 773 φόρους
659 722 742 766 τοῖς
769 718 989 770 βασιλεῦσι
1029 713 1133 757 κατὰ
1162 717 1234 764 τὰς
1263 717 1522 772 ὑποσχέσεις

68 785 276 839 η’θέτησαν
309 786 380 825 καί
414 782 487 824 οὐκ
530 781 723 835 ἔπεμπον.
792 783 896 824 ἐτῶν
940 783 985 823 δὲ
1016 780 1306 836 παρελθόντων
1334 780 1514 839 ἑβδομή-

33 865 205 902 οκοντα,
240 848 310 891 ἐπὶ
335 851 406 903 τῆς
431 849 645 902 βασιλείας
669 849 890 901 Ῥωμανοῦ
918 850 993 889 τοῦ
1019 847 1213 899 παιδίου,
1245 849 1512 904 τρισεγγόνου

67 917 147 958 τοῦ
170 917 374 970 βασιλέως
401 916 630 958 Βασιλείου
659 916 732 956 τοῦ
761 912 1030 967 Μακεδόνος,
1073 913 1095 954 ὅ
1124 913 1325 968 βασιλευς
1348 914 1511 967 Ῥωμα-

65 979 138 1032 νὸς
176 978 323 1024 στόλον
358 979 499 1023 ἱκανὸν
535 980 608 1022 καί
649 978 858 1036 α’ξιὸλογον
896 979 1167 1034 οἰκονομήσας
1194 982 1267 1022 καί
1293 997 1511 1036 προπαρα-

65 1047 276 1097 σκευάσας
302 1049 458 1091 στέλλει
487 1046 592 1089 κατὰ
621 1050 703 1089 τῶν
735 1048 778 1089 ἐν
819 1048 869 1103 τῇ
902 1044 1049 1104 Κρήτῃ
1078 1048 1353 1101 Σαρακηνῶν,
1382 1065 1510 1091 κατα-

64 1112 218 1169 στήσας
247 1111 425 1169 ἔξαρχον
454 1114 526 1155 καί
554 1112 758 1166 δεσπότην
798 1114 871 1167 τῆς
903 1111 1034 1166 αὐτῆς
1066 1110 1306 1166 δυνάμεως,
1333 1112 1512 1169 ὖδραίας

31 1181 109 1224 ὅτε
137 1178 210 1220 καὶ
234 1182 464 1234 χερσαίου,
505 1178 579 1221 τὸν
610 1178 838 1234 μάγιστρον
868 1177 1112 1234 Νικηφόρον
1156 1177 1228 1220 τὸν
1257 1182 1411 1222 Φωκᾶν
1438 1180 1511 1224 τὸν

64 1245 138 1287 καί
165 1242 341 1301 ὕστερον
371 1243 689 1298 βασιλεύσαντα.
714 1247 785 1287 καί
811 1243 948 1286 ἐλθών
976 1247 1019 1287 ἐν
1046 1246 1096 1300 τῇ
1127 1243 1276 1302 Κρήτῃ
1306 1245 1378 1288 καί
1402 1264 1511 1301 συμ-

63 1308 206 1363 βαλών
250 1310 445 1359 πολλάκις
480 1316 563 1359 τοῖς
599 1311 856 1365 Ἀγαρηνοΐς
898 1311 971 1351 καί
1022 1314 1254 1366 προσβολῆς
1292 1317 1512 1370 γενομένης

62 1375 237 1419 πάντοτε
265 1377 485 1431 ὑπερεῖχεν
528 1377 549 1419 ὃ
582 1375 757 1431 στρατὸς
790 1378 867 1417 τοῦ
897 1378 1049 1418 Φωκᾶ·
1108 1378 1181 1418 καί
1205 1377 1255 1418 οὔ
1285 1378 1512 1432 δυνάμενοι

66 1443 302 1497 ἀντιστῆναι
335 1442 373 1484 οἱ
398 1445 557 1498 Κρῆτες
580 1443 697 1499 φόβῳ
718 1444 947 1498 ληφθέντες
975 1441 1142 1498 ἔφυγον,
1173 1443 1245 1484 καί
1268 1447 1350 1486 τῶν
1375 1462 1511 1501 φρου-

28 1509 167 1563 ορίων
199 1507 314 1557 ἐντὸς
341 1507 591 1557 εἰσελθόντες
619 1509 907 1564 ἐκλείσθησαν.
941 1508 963 1549 ὅ
993 1510 1039 1550 δὲ
1055 1510 1207 1557 Φωκᾶς
1234 1509 1339 1552 κατὰ
1369 1515 1510 1554 πᾶσαν

62 1573 255 1630 μηχανήν
280 1574 553 1631 πολιορκήσας
580 1574 682 1631 πρὸς
713 1577 986 1629 τειχομαχίαν
1014 1576 1245 1628 ἐπιτήδειον
1273 1583 1359 1626 τοῖς
1387 1572 1506 1620 ἄστε-

64 1656 131 1682 σιν
158 1641 400 1696 ἐπαγαγών,
441 1643 514 1684 καί
555 1641 732 1698 φοβερὸς
762 1645 909 1697 φανείς
935 1646 1021 1690 τοῖς
1048 1643 1248 1692 ἐναντίοις
1265 1675 1278 1696 ,
1306 1643 1380 1700 ὑφ’
1407 1641 1506 1685 ἑαυ-

63 1705 132 1749 τὸν
173 1709 258 1750 πᾶν
299 1708 501 1765 φρούριον
538 1709 613 1764 τῆς
644 1706 769 1764 νήσου
801 1706 1024 1764 ἐποιήσατο
1053 1710 1125 1750 καί
1153 1707 1224 1763 τήν
1251 1707 1508 1765 μητρόπολιν

161 1851 188 1873 1.
210 1842 294 1877 λίαν
318 1842 610 1890 ἐφοβήθησανΜ
704 1853 735 1875 2.
760 1841 974 1890 ἐθαύμαζον
991 1842 1015 1875 Ρ
1107 1842 1138 1875 5.
1165 1843 1324 1887 ἔστησαν
1341 1843 1379 1877 Μ
1473 1856 1503 1888 7.

155 1887 281 1924 ἔλιπον
309 1889 334 1922 P
433 1901 482 1924 ιο.
512 1885 646 1930 παιδὸς
668 1889 693 1922 Ρ
818 1900 873 1923 20.
898 1886 991 1924 κατὰ
1014 1899 1073 1923 om
1098 1889 1123 1923 P

62 2010 181 2044 affecit
203 2011 399 2056 suppliciis.
435 2012 491 2045 his
528 2014 738 2058 compertis,
777 2013 925 2058 Agareni
961 2014 1149 2048 Cretenses
1184 2021 1320 2050 terrore
1346 2017 1502 2062 perculsi

62 2063 163 2099 sunt,
187 2057 401 2092 admirantes
435 2061 484 2092 rei
521 2060 675 2094 bellicae
706 2060 870 2105 peritiam
900 2066 1067 2108 artesque
1091 2063 1343 2106 Romanorum3
1374 2075 1414 2096 ac
1437 2065 1504 2097 tali

61 2104 163 2138 clade
186 2111 332 2150 repente
347 2108 474 2148 affecti,
500 2119 583 2152 prae
608 2108 734 2141 timore
759 2119 799 2141 ac
818 2115 916 2142 metu
942 2110 1307 2155 postea⁸quieverunt
1329 2111 1503 2155 aliquam-

61 2150 144 2193 diu,
169 2157 206 2185 et
229 2153 434 2198 imperatori
461 2155 589 2188 Basilio
614 2156 751 2189 tributa
775 2156 933 2201 pendere
960 2162 1173 2190 statuerunt.
1489 2194 1493 2198 ,

154 2199 292 2233 Exactis
323 2202 424 2234 annis
449 2213 561 2247 prope
589 2203 734 2242 decem,
756 2203 899 2237 barbari
923 2215 996 2237 non
1038 2204 1254 2238 desinebant
1287 2215 1405 2236 rursus
1443 2216 1502 2237 so-

60 2245 123 2278 lita
147 2245 217 2279 sibi
241 2247 383 2289 facere,
421 2249 483 2281 sed
518 2250 782 2294 populabantur
815 2252 948 2284 insulas
975 2257 1084 2297 atque
1116 2252 1258 2285 mittere
1289 2251 1502 2284 recusabant

58 2293 234 2336 promissa
270 2295 544 2339 imperatoribus
586 2297 731 2331 tributa.
760 2303 797 2331 at
821 2299 921 2331 annis
944 2305 1026 2343 post
1051 2299 1279 2343 septuaginta
1308 2299 1501 2342 imperator

58 2339 235 2373 Romanus
258 2352 368 2385 puer,
394 2343 512 2375 Basilii
539 2344 744 2378 Macedonis
767 2356 966 2391 pronepos,
992 2346 1136 2379 classem
1163 2358 1234 2378 non
1263 2351 1502 2378 contemnen-

59 2385 138 2418 dam
164 2393 287 2421 contra
321 2389 514 2423 Saracenos
541 2391 728 2424 Cretenses
767 2393 888 2433 misit,
922 2393 1043 2425 harum
1080 2394 1264 2437 copiarum
1290 2397 1365 2424 tum
1385 2398 1501 2425 terre-

59 2434 185 2466 strium
208 2440 283 2468 tum
311 2436 490 2470 navalium
514 2437 602 2471 duce
629 2440 822 2473 constituto
849 2439 1050 2484 Nicephoro
1077 2440 1193 2472 Phoca
1218 2441 1412 2482 magistro,
1437 2450 1498 2479 eo,

58 2480 121 2523 qui
144 2486 267 2525 postea
291 2482 488 2528 imperavit.
532 2486 560 2518 is
585 2486 621 2519 in
646 2485 785 2519 Cretam
824 2486 965 2520 delatus
1003 2493 1039 2519 et
1071 2486 1318 2530 frequentibus
1354 2486 1502 2530 proeliis

57 2537 135 2559 cum
159 2527 327 2570 Agarenis
352 2530 596 2572 conflictatus,
624 2544 762 2578 semper
786 2535 946 2578 superior
972 2533 1150 2575 discessit3
1178 2538 1286 2577 atque
1312 2532 1498 2566 Cretenses

58 2582 167 2651 guum
194 2575 246 2607 illi
271 2577 435 2610 resistere
460 2590 533 2611 non
562 2586 718 2624 possent,
742 2581 868 2613 timore
894 2581 1067 2625 perculsi,
1097 2581 1129 2611 in
1158 2579 1305 2612 castella
1331 2590 1407 2613 sese
1435 2579 1499 2612 ab-

86 2619 239 2656 iderunt.
302 2623 436 2657 Phocas
463 2636 583 2659 omnes
618 2627 798 2661 machinas
834 2627 980 2660 urbibus
1008 2626 1251 2671 expugnandis
1276 2631 1376 2670 aptas
1401 2637 1501 2660 moe-

56 2665 164 2700 nibus
191 2668 368 2711 admovit,
395 2677 431 2705 et
455 2672 595 2707 incusso
618 2673 783 2708 hostibus
807 2680 940 2708 terrore
955 2700 963 2712 ,
990 2674 1126 2706 insulae
1149 2673 1296 2707 castella
1319 2675 1437 2706 onmia
1463 2675 1499 2707 in

57 2717 270 2757 potestatem
298 2728 399 2752 suam
424 2718 579 2766 redegit,
615 2720 778 2768 adeoque
810 2722 923 2767 ipsum
960 2722 1035 2753 eius
1061 2725 1167 2766 caput
1190 2719 1412 2754 Chandacem
1439 2732 1501 2753 ex-
