1806 3190
615 261 712 310 ιω.
754 262 784 299 1.
828 261 944 299 CAP.
975 263 1024 299 11.
1474 239 1534 293 15

96 358 178 413 χρὴ
221 359 374 411 λέγειν;
425 356 463 399 οἱ
489 357 638 407 πάντες
678 353 810 399 αὐτὸν
838 358 1108 413 ἐψηφίσαντο.
1172 354 1280 399 οὕτω
1310 355 1381 398 καί
1410 356 1430 396 ὁ
1459 373 1540 397 πα-

97 422 296 480 τριάρχης
324 422 453 464 αὐτὸν
484 425 711 476 ἐβεβαίωσε
739 424 812 464 καί
837 422 1070 479 σύμψηφον
1099 425 1302 476 ἐποιεῖτο,
1328 425 1406 472 ἕως
1438 417 1486 463 οὗ
1517 421 1538 463 ὁ

97 491 171 532 τοῦ
196 491 400 541 βασιλέως
433 495 530 537 παῖς
559 480 780 545 φθάσηέν
807 487 948 547 ἡλικίᾳ
978 490 1030 545 τῇ
1057 487 1337 546 προσηκούσῃ.
1394 488 1465 530 καί
1491 484 1542 544 ἦν

98 554 169 597 ἐπὶ
194 557 276 596 τῶν
303 556 452 596 κοινῶν
479 554 737 608 πραγμάτων
767 556 880 612 πάσῃ
909 555 1076 612 ἐξουσία
1104 557 1378 608 διεζωσμένος
1407 554 1428 596 ὃ
1445 558 1542 596 Πα-

63 619 311 674 5λαιολόγος
343 620 366 661 ὅ
395 618 601 675 Μιχαήλ·
673 620 746 662 καί
781 618 889 675 αὕτη
928 620 954 675 ἦ
987 623 1102 663 αἰτία
1142 624 1300 675 γίνεται
1339 620 1446 678 πρὸς
1471 620 1543 663 τὸν

99 685 282 740 ΝΙιχαὴλ
309 688 380 740 τῆς
413 688 471 734 εἰς
499 686 719 739 βασιλείαν
759 686 975 740 α’ναγωγῆς
1018 689 1090 728 καί
1113 685 1380 736 κατάστασις.
1435 686 1542 740 μετὰ

99 754 146 794 δέ
173 768 287 799 τινας
319 752 479 806 ἡμέρας
506 750 629 793 πάλιν
648 749 791 807 ἑτέρας
811 750 1006 807 μηχανάς
1036 752 1265 808 &daravum
1292 751 1330 794 οἱ
1358 754 1545 795 σπουδά-

99 811 237 868 ζοντες
276 815 532 870 α’ναβιβάσαι
561 817 689 860 αὐτὸν
729 820 790 867 εἰς
829 817 906 873 τὴν
943 820 1015 873 τῆς
1052 819 1272 871 βασιλείας
1316 816 1545 874 περιωπήν.

99 883 255 937 βουλὴν
279 882 427 937 καινὴν
455 883 535 925 α’νά
562 886 691 936 μέσον
720 884 858 926 αὐτῶν
879 882 1126 938 ποιήσαντες
1144 882 1283 938 ἔλεγον
1306 882 1351 926 ἔν
1366 899 1409 925 τε
1440 888 1545 926 πλα-

40 951 230 997 ιοτείαις
257 949 329 990 καί
357 946 510 1004 ῥύμαις
527 948 631 991 “ου’κ
659 948 747 992 ἔστι
774 952 932 1004 πρέπον
960 950 1061 991 ου’δὲ
1087 952 1248 992 δίκαιον
1260 949 1331 991 τὸν
1343 948 1394 992 τὰ
1427 949 1542 991 κοινὰ

42 1015 44 1017 ’
99 1015 330 1056 διοικοῦντα
367 1015 592 1069 πράγματα
633 1018 708 1057 καί
734 1014 958 1071 πρεσβείας
993 1016 1129 1057 ἐθνῶν
1156 1017 1319 1057 πολλῶν
1347 1015 1544 1069 ἀναδεχό-

95 1091 220 1132 μενον
259 1078 318 1133 μὴ
355 1078 468 1134 ἔχειν
502 1082 579 1122 καί
598 1097 635 1123 τι
679 1081 845 1134 ἀξίωμα
884 1083 994 1135 μέγα
1036 1079 1160 1135 ἐγγύς
1192 1083 1265 1135 τῆς
1306 1083 1545 1135 βασιλείας,

96 1143 165 1186 ἵνα
203 1147 366 1199 πρῶτον
406 1143 553 1200 ἔσηται
591 1147 711 1202 φήμη
752 1148 826 1189 καί
863 1149 1196 1203 μεγαλοπρέπεια
1236 1149 1292 1204 τῷ
1328 1149 1436 1201 γένει
1463 1149 1547 1188 τῶν

90 1209 316 1263 “Ρωμαι’ων
343 1213 416 1253 καί
440 1211 666 1265 βεβαίωσις
702 1214 775 1268 τῆς
816 1214 900 1254 τῶν
927 1215 1153 1267 γινομένων
1183 1214 1477 1262 καταστάσεως
1504 1215 1548 1255 ἐν

37 1280 180 1325 ιότοῖς
206 1274 392 1319 §msam
415 1276 522 1329 μετὰ
551 1277 721 1334 τοιαύτῃ
751 1277 832 1333 γάρ
872 1278 984 1336 αἰτίᾳ
1013 1280 1084 1320 καί
1110 1276 1454 1335 ὖποκεκρυμμένῃ
1482 1281 1548 1321 ἐν-

95 1343 186 1399 νοίᾳ
213 1341 286 1383 καὶ
310 1341 355 1384 τὸ
388 1341 630 1384 δεσποτικὸν
669 1343 836 1397 ἀξίωμα
867 1345 1037 1398 δέχεται
1066 1343 1207 1402 γνώμῃ
1239 1347 1316 1386 τοῦ
1345 1348 1452 1387 λαοῦ
1478 1348 1552 1387 καί

95 1409 171 1448 τοῦ
198 1409 461 1462 πατριάρχου
483 1410 555 1449 καί
578 1410 652 1450 τοῦ
680 1411 919 1463 δυστυχοῦς
941 1409 1197 1465 κληρονόμου
1215 1413 1285 1466 τῆς
1311 1414 1544 1464 βασιλείας.

95 1476 180 1527 (2.)
214 1471 258 1514 ἒν
296 1473 468 1523 ἐκείνοις
506 1476 553 1516 δὲ
579 1480 665 1525 τοῖς
706 1482 867 1530 καιροῖς
896 1475 947 1517 τὰ
973 1478 1169 1528 βασίλεια
1196 1474 1310 1519 καὶὸ
1341 1476 1546 1532 πατριάρ-

92 1555 172 1593 χης
201 1541 247 1581 ἐν
278 1543 434 1596 Νικαίᾳ
474 1542 547 1592 τῆς
574 1542 785 1590 Βιθυνίας
826 1539 992 1597 ὑπῆρχε
1022 1540 1092 1583 διὰ
1121 1541 1166 1584 τὸ
1198 1546 1446 1597 κρατεῖσθαι
1470 1543 1545 1599 την

31 1621 82 1647 20
95 1606 175 1646 τῶν
203 1604 365 1647 πόλεων
391 1606 702 1659 βασιλεύουσαν
740 1604 823 1648 ὑπὸ
853 1610 935 1650 τῶν
959 1605 1144 1650 Ἰταλῶν.
1202 1612 1355 1664 καιροῦ
1384 1611 1430 1651 δὲ
1463 1627 1542 1652 πα-

192 1724 220 1742 ι.
253 1723 360 1757 πατρ.
400 1714 550 1759 στέρξας
584 1714 647 1747 καὶ
671 1711 878 1760 σύμψηφον
915 1709 1049 1749 ἑαυτὸν
1074 1714 1245 1756 ἐποιεῖτο,
1276 1717 1338 1751 ἵνα
1365 1719 1495 1765 μέχρις
1520 1717 1539 1751 ὅ

188 1758 252 1792 τοῦ
276 1763 308 1803 β.
337 1756 416 1798 υἱὸς
438 1779 485 1785 —-
508 1760 765 1807 προσηκούσῃ,
791 1760 812 1809 ᾗ
838 1762 877 1795 Μ
978 1764 1009 1806 4.
1035 1762 1166 1798 πᾶσαν
1190 1764 1365 1803 ἐξουσίαν
1387 1765 1411 1798 Ρ
1506 1765 1537 1798 5.

1424 1824 1445 1845 ν

185 1852 327 1897 ἐγένετο
356 1850 481 1896 πρώτη
513 1850 610 1898 πρὸς
636 1854 661 1886 Ρ
815 1866 847 1898 9.
871 1856 912 1892 ἐν
947 1860 1026 1893 ταῖς
1061 1857 1250 1895 πλατείαις
1275 1859 1339 1892 καὶ
1364 1856 1490 1904 ῥίμαις
1513 1859 1538 1892 P

189 1909 239 1931 ιο.
262 1901 327 1933 καὶ
350 1892 519 1933 πολιτικὰ
547 1911 653 1944 supra
678 1896 788 1937 κοινὰ
812 1903 836 1935 Ρ
966 1914 1015 1936 ιι.
1041 1906 1213 1950 πρέσβεις
1237 1903 1274 1936 Μ
1396 1908 1445 1938 13.
1474 1907 1540 1940 τοῦ

183 1944 364 1991 γένουςΜ
437 1946 486 1989 14.
511 1946 726 1991 βεβαιώσεις
748 1948 822 1984 τῶν
847 1953 1061 1997 γενομένων
1089 1951 1355 1987 καταστάσεων
1381 1949 1474 1998 μετὰ
1500 1954 1537 1984 Μ

190 1994 242 2026 15.
268 1992 314 2027 δι’
338 1988 382 2033 ἢν
410 1994 533 2027 αἰτίαν
555 1997 619 2028 καὶ
643 1994 969 2043 ὑποκεκρυμμένην
993 1998 1144 2034 ἔννοιαν
1173 1997 1200 2031 Ρ
1280 2009 1334 2032 20.
1360 2009 1379 2031 a
1403 2000 1537 2047 καιροῦ

182 2044 289 2084 caput
312 2039 463 2072 alterum
490 2039 621 2085 incipit.
641 2042 667 2074 P

91 2114 160 2163 que
185 2118 456 2153 multitudinem
497 2122 778 2155 necessariarum
802 2124 933 2168 peritia
959 2125 1119 2169 insignis.
1151 2124 1241 2170 quid
1265 2126 1406 2160 multa?
1429 2137 1534 2160 omne

90 2165 229 2199 serebat
252 2172 432 2210 punctum.
460 2177 529 2211 qua
556 2179 592 2200 re
621 2169 729 2202 etiam
755 2170 888 2203 factum
914 2176 978 2211 est,
1005 2177 1045 2205 ut
1063 2172 1263 2216 patriarcha
1286 2184 1367 2205 eum
1392 2185 1535 2217 promo-

88 2218 189 2245 veret
213 2212 356 2258 sibique
396 2213 573 2257 deligeret
607 2217 764 2250 muneris
799 2223 1020 2259 consortem,
1051 2219 1166 2252 donec
1190 2220 1413 2264 imperatoris
1438 2221 1533 2254 filius

89 2260 218 2292 iustam
258 2265 411 2294 aetatem
450 2261 637 2305 attigisset.
676 2264 800 2309 itaque
835 2264 991 2298 Michael
1014 2265 1247 2310 Palaeologus
1283 2267 1334 2299 rei
1368 2266 1533 2311 publicae

87 2317 255 2339 summam
293 2313 418 2341 nactus
459 2314 514 2341 est
545 2314 783 2353 potestatem,
819 2322 970 2357 eamque
994 2311 1155 2346 habebat
1179 2315 1400 2347 occasionem
1427 2325 1532 2347 occu-

85 2352 197 2397 pandi
231 2354 382 2399 imperii.
422 2365 503 2388 nam
543 2355 673 2390 diebus
698 2357 838 2403 aliquot
865 2364 947 2403 post
973 2371 1092 2393 rursus
1118 2360 1208 2393 alias
1234 2361 1432 2394 moliuntur
1457 2372 1533 2394 ma-

87 2399 233 2441 chinas,
263 2402 326 2445 qui
367 2401 412 2434 ad
446 2402 626 2447 fastigium
650 2404 791 2449 imperii
817 2417 896 2438 eum
932 2406 1082 2440 evehere
1106 2408 1328 2440 nitebantur.
1352 2409 1531 2441 communi

86 2447 237 2480 consilio
261 2449 300 2481 in
313 2447 444 2494 plateis
467 2449 627 2495 vicisque
645 2450 878 2494 dictitabant,
902 2464 975 2486 non
1001 2453 1128 2487 decere
1152 2465 1219 2487 nec
1243 2454 1418 2499 aequitati
1446 2467 1532 2488 con-

86 2499 294 2528 sentaneum
323 2506 412 2535 esse,
435 2497 500 2541 qui
523 2507 665 2531 omnem
690 2498 956 2533 administraret
976 2511 1050 2533 rem
1069 2501 1248 2546 publicam
1266 2501 1531 2547 multarumque

85 2541 245 2584 gentium
269 2542 467 2585 legationes
493 2545 693 2589 exciperet,
719 2557 799 2579 eum
821 2558 894 2580 non
922 2547 1098 2591 'dignitate
1124 2549 1298 2592 insignem
1326 2559 1414 2590 esse,
1439 2559 1530 2595 quae

85 2597 199 2632 prope
213 2588 400 2623 accederet
412 2589 456 2623 ad
472 2590 678 2636 imperium:
693 2593 731 2626 id
747 2594 844 2639 quod
859 2595 1010 2639 primum
1028 2594 1072 2627 ad
1084 2594 1282 2639 augendam
1296 2595 1442 2640 gloriam
1458 2607 1532 2629 am-

84 2634 375 2682 plitudinemque
389 2637 624 2671 Romanorum
644 2640 818 2674 facturum
835 2647 939 2683 esset,
963 2641 1097 2674 deinde
1121 2642 1306 2686 pactiones
1323 2654 1401 2675 cum
1427 2649 1532 2677 exte-

86 2680 135 2713 ris
160 2682 325 2728 gentibus
352 2684 457 2717 initas
473 2685 770 2720 confirmaturum.
797 2699 839 2721 ex
862 2688 927 2722 tali
944 2689 1052 2731 igitur
1069 2699 1173 2721 causa
1193 2694 1230 2723 et
1252 2690 1420 2723 simulato
1445 2702 1533 2724 con-

88 2727 170 2760 silio
195 2728 367 2775 despotae
396 2731 567 2765 honorem
603 2733 830 2779 adipiscitur,
864 2746 1037 2768 consensu
1064 2736 1212 2780 populi,
1235 2736 1458 2782 patriarchae
1495 2743 1532 2770 et

89 2772 242 2808 infelicis
275 2775 419 2810 heredis
454 2778 606 2822 imperii.
672 2781 736 2826 (a.)
771 2782 835 2817 illo
869 2787 1030 2826 tempore
1066 2782 1206 2828 imperii
1245 2790 1282 2817 et
1309 2783 1531 2829 patriarchae

88 2820 190 2854 aedes
219 2821 370 2856 Nicaeae
407 2825 444 2858 in
474 2825 641 2869 Bithynia
667 2833 768 2869 erat,
801 2828 903 2873 Cpoli
944 2829 986 2861 ab
1012 2829 1113 2862 Italis
1151 2837 1332 2876 occupata.
1369 2837 1530 2875 tempore
