1806 3190
259 1455 296 1486 15

323 143 395 198 62
746 156 973 199 GEORGn
1014 156 1335 198 PnnAN‘mAE

323 264 411 307 λοις
438 261 704 311 συναρωγεΐν.
779 254 853 298 καί
879 257 923 297 ἐν
958 258 1016 313 τῷ
1041 258 1207 309 μέλλειν
1235 257 1387 304 ἐξιέναι
1415 254 1486 297 τόν
1512 258 1688 308 βασιλέα
1716 260 1762 300 ἐκ

324 327 397 378 τῆς
423 324 602 374 πόλεως,
631 322 705 364 τὸν
734 320 910 375 ἀνεψιὸν
937 321 1066 364 αὐτοῦ
1101 322 1178 376 κύρ
1206 320 1399 375 Ἰωάννην
1424 322 1666 364 καταλιπών
1692 323 1761 365 ἵνα

321 393 459 446 ὸιοικῇ
481 389 553 430 καί
572 389 748 444 κυβερνᾷ
771 386 846 443 τήν
866 386 987 429 πόλιν
1008 391 1079 429 καὶ
1100 386 1384 441 ἀντιμάχηται
1400 393 1484 437 τοῖς
1503 389 1714 443 ἐναντίοις,
1739 390 1762 430 ὃ

320 458 367 498 δὲ
388 453 587 508 βασιλεὺς
607 453 683 507 τὴν
698 454 921 496 δέσποιναν
941 453 1014 495 καί
1028 453 1207 507 σύζυγον
1224 453 1365 506 λαβών
1385 453 1456 494 καί
1470 453 1528 504 εἰς
1544 454 1764 496 Πελοπόν-

321 537 442 576 νησον
461 518 596 562 ἐλθών
624 520 668 561 ἑν
700 534 750 576 τῃ
769 520 938 576 Σπάρτῃ
968 519 1090 574 ἐγγυς
1119 521 1192 561 τοῦ
1220 518 1410 575 ἀδελφοῦ
1440 518 1518 573 κύρ
1541 519 1798 575 Θεοδώρουῖι

308 588 477 641 -ταύτην
492 584 641 628 εἴασεν·
665 584 686 628 ὃ
706 587 755 628 ’δὲ
775 588 819 629 ἐν
833 586 984 644 Ἰταλία
1001 584 1154 628 ὁδεύει.
1176 583 1346 640 φθάσας
1364 579 1439 627 οὖν
1460 583 1483 628 ὅ
1504 585 1704 638 βασιλεὺς
1718 589 1765 629 ἐν

315 652 470 710 Ἑνετίᾳ
491 651 683 694 κάκεῖθεν
710 651 813 708 πρὸς
834 651 908 694 τὸν
937 653 1065 694 defixa
1085 650 1364 695 Μεδιολάνων
1382 649 1520 694 ἐλθών
1547 650 1663 706 παρά
1691 653 1766 694 τοῦ

321 716 466 766 δουκὸς
481 717 585 771 μετά
603 721 725 773 τιμῆς
741 717 922 772 μεγάλης
941 719 1013 760 καί
1029 717 1249 771 δαψιλείας
1271 715 1330 759 ἔτι
1353 719 1398 759 δὲ
1415 719 1490 758 καί
1503 719 1764 772 δορυφορίας

320 786 491 840 ἐδέχθη,
518 783 590 826 καί
616 784 766 834 ἵππους
790 787 862 826 καί
884 784 1144 840 στρατιώτας
1172 782 1352 832 πολλοὺς
1382 784 1522 832 dnicae
1551 784 1667 839 αύτῷ
1695 783 1765 825 ἵνα

319 850 425 904 πρὸς
451 849 523 893 τὸν
567 850 675 906 ῥῆγα
706 851 924 904 Φραγκιίις
965 848 1094 907 ἔλθῃ,
1143 848 1490 904 ἐπαγγειλάμενος
1529 848 1550 890 ὁ
1582 848 1683 900 doti}
1708 851 1795 907 “471

321 921 517 972 βασιλεῖ,
546 917 620 959 ἐάν
648 919 721 958 καὶ
748 915 786 958 οἱ
811 918 948 970 ἕτεροι
976 914 1322 971 ὁμοφρονήσωσι,
1348 917 1420 958 καί
1447 913 1583 963 αὐτὸς
1610 914 1633 956 ὅ
1663 914 1765 964 dmi}

321 985 438 1032 ἰδίως
466 981 539 1024 καί
568 982 818 1036 αὐτομάτως
848 980 950 1038 ἔλθῃ
989 983 1062 1023 καί
1087 984 1143 1038 τῷ
1179 985 1351 1034 βασιλεῖ
1371 983 1444 1023 καί
1470 984 1518 1037 τῇ
1539 978 1767 1033 ιΡωμαίων

321 1049 435 1105 α’ρχῇ
461 1046 653 1106 βοηθήσῃ
692 1050 764 1090 καί
804 1047 862 1102 μὴ
901 1046 1005 1103 ἐάσῃ
1042 1045 1378 1088 κινδυνεύουσαν.
1451 1045 1588 1088 ἐλθών
1629 1041 1706 1088 οὖν
1741 1045 1763 1086 ὃ

319 1114 519 1167 βασιλευς
546 1113 621 1156 καί
650 1113 761 1168 πρὸς
782 1113 855 1155 τὸν
887 1113 996 1168 ῥῆγα
1021 1114 1225 1166 Φραγκῶν
1253 1107 1376 1166 εὗρεν
1405 1112 1536 1153 αὐτὸν
1564 1113 1608 1154 ἐν
1636 1112 1767 1154 εἰσθε-

319 1183 408 1237 νειζκ
432 1179 645 1236 βαρυτάτῃ
686 1177 834 1232 ἔχοντα
872 1177 945 1219 καί
981 1176 1060 1229 ἔξω
1093 1180 1256 1234 φρενῶν
1291 1177 1531 1231 ὑπάρχοντα
1550 1194 1560 1203 ·
1628 1177 1700 1221 καί
1727 1176 1797 1222 οἱι

320 1246 554 1299 σύμβουλοι
597 1246 730 1286 αὐτοῦ
776 1246 851 1285 ov'x
890 1241 1007 1297 εἶχόν
1050 1259 1092 1284 τι
1134 1238 1416 1298 ἀποκριθῆναι
1442 1242 1575 1296 μόνοι.
1645 1242 1667 1284 ὅ
1690 1246 1768 1296 μὲν

319 1309 519 1366 βασιλευς
548 1306 759 1364 ἄπρακτος
788 1311 861 1352 ἐπί
886 1308 959 1365 τὴν
991 1307 1432 1352 Κωνσταντινούπολιν
1461 1310 1768 1364 ἐπανέστρεψεν

321 1380 392 1420 ἐπὶ
418 1376 536 1425 ἔτους
566 1374 659 1436 ‘ave'
688 1378 971 1430 Σεπτεμβρίου
1001 1373 1065 1429 ιγ’,

440 1444 501 1485 16.
559 1443 620 1484 Ἑν
663 1441 797 1499 τούτῳ
838 1444 895 1499 τῷ
935 1440 1017 1483 ἔτει
1045 1440 1067 1482 ὅ
1110 1440 1277 1495 α’μηρᾶς
1311 1439 1622 1498 Μπαγιαζήτῃς
1660 1437 1766 1483 κατά

323 1511 396 1565 τῆς
425 1506 749 1562 Πελοποννήσου
792 1506 865 1548 τὸν
895 1510 937 1548 Γ
935 1503 1293 1549 tanain-naman
1333 1508 1405 1547 καί
1438 1505 1509 1548 τὸν
1552 1506 1806 1562 Βρενάζηναι

323 1573 480 1616 ἔστειλε
503 1572 610 1627 μετὰ
640 1575 819 1628 στρατοῦ
846 1573 1050 1627 χιλιάδων
1077 1570 1349 1626 πεντήκοντα·
1379 1573 1452 1614 καί
1479 1574 1525 1614 ἐν
1551 1574 1608 1628 τῷ
1636 1575 1765 1628 α’πέρ-

415 1710 446 1742 8.
474 1708 712 1762 δωροφορίας
736 1707 773 1740 Μ
872 1719 921 1740 ιο.
944 1707 1096 1752 βασιλέα
1120 1707 1144 1738 Ρ
1228 1717 1275 1738 ιι.
1303 1703 1586 1762 ὀὲαοφωνήσαισι
1612 1705 1637 1738 Ρ
1713 1714 1764 1739 12.

417 1757 479 1788 καὶ
502 1767 551 1799 τῳ
579 1774 624 1780 -—
644 1754 951 1801 κινδυνεύουσαν]
976 1752 1268 1789 κινδυνεύουσαν
1291 1765 1357 1795 την
1375 1751 1485 1787 πόλιν
1508 1764 1575 1794 την
1600 1763 1764 1799 περιφα-

419 1802 463 1843 νῆ
485 1805 548 1835 καὶ
573 1801 716 1847 ὡραίαν
740 1804 802 1835 καὶ
828 1803 901 1838 τῶν
923 1802 1068 1836 πόλεων
1089 1800 1360 1845 βασιλεύουσαν
1391 1800 1574 1845 βοηθῆσαι
1589 1800 1613 1833 Ρ
1707 1809 1762 1831 20-

414 1851 581 1894 βρενέζην
607 1850 747 1887 στείλας
771 1849 807 1884 Μ
838 1863 843 1868 ⁴
925 1859 979 1882 21.
1004 1850 1279 1894 ἐπανέρχεσθαι
1306 1847 1343 1880 Μ

322 1975 546 2003 versarentur
583 1975 621 2003 et
646 1976 769 2004 mutuo
810 1971 876 2004 sibi
906 1981 1009 2016 opem
1048 1977 1084 2004 et
1108 1971 1242 2004 auxilia
1272 1974 1509 2015 praestarent.
1536 1968 1696 2003 abiturus
1722 1981 1764 2002 ex

322 2016 410 2050 urbe
438 2017 641 2061 imperator,
665 2018 860 2051 Iohannem
895 2029 938 2050 ex
971 2019 1079 2051 fratre
1105 2024 1272 2063 nepotem
1298 2017 1343 2050 ad
1371 2028 1447 2049 eam
1473 2017 1611 2049 interea
1639 2027 1765 2061 regen-

323 2064 401 2096 dam
427 2069 464 2097 et
489 2065 659 2109 impetum
683 2065 839 2098 hostium
869 2065 1149 2110 propulsandum
1165 2064 1321 2110 reliquit.
1344 2065 1421 2109 ipse
1446 2075 1525 2096 cum
1542 2063 1765 2108 imperatrice

323 2112 474 2155 coniuge
504 2111 540 2144 in
574 2112 859 2156 Peloponnesum
895 2113 1097 2158 profectus,
1131 2113 1276 2157 Spartae
1311 2122 1386 2144 eam
1414 2110 1509 2156 apud
1534 2109 1764 2144 Theodorum

325 2159 468 2191 fratrem
493 2157 659 2203 deposuit
686 2165 720 2192 et
745 2160 884 2192 ltaliam
911 2171 1030 2193 versus
1061 2160 1244 2204 processit.
1268 2159 1419 2203 primum
1446 2158 1618 2191 Venetias
1642 2159 1766 2200 venit3

323 2205 408 2237 inde
443 2205 488 2237 ad
515 2204 640 2238 ducem
665 2206 989 2240 Mediolanensium
1010 2207 1184 2251 perrexit,
1207 2206 1270 2251 qui
1295 2217 1373 2238 eum
1403 2205 1765 2238 honorificentissime

324 2258 434 2297 atque
456 2263 581 2296 magno
607 2264 683 2285 cum
709 2259 825 2286 sumtu
859 2259 895 2286 et
919 2265 996 2286 cum
1022 2254 1237 2286 satellitibus
1263 2252 1426 2296 excepit,
1451 2251 1638 2297 eidemque
1663 2252 1769 2297 equi·

324 2304 400 2331 tum
425 2300 660 2344 peditumque
683 2312 847 2344 magnum
872 2301 1077 2334 comitatum
1103 2301 1149 2333 ad
1175 2312 1291 2345 regem
1307 2300 1521 2332 Francorum
1550 2298 1662 2340 dedit,
1685 2298 1768 2344 pol-

325 2346 462 2388 licitus,
505 2346 534 2380 si
569 2348 677 2380 ceteri
708 2348 971 2388 consentirent,
1006 2353 1118 2381 semet
1159 2348 1213 2380 illi
1258 2353 1294 2380 et
1330 2346 1480 2391 imperio
1516 2347 1674 2379 Romano
1706 2356 1769 2379 sua

325 2398 452 2436 sponte
480 2394 614 2427 auxilio
639 2399 826 2427 venturum
850 2406 890 2427 ac
901 2394 1089 2428 discrimen
1106 2394 1339 2440 depulsurum
1357 2404 1443 2426 esse.
1461 2392 1506 2426 ad
1522 2403 1640 2438 regem
1655 2393 1768 2426 Fran-

325 2450 446 2481 corum
469 2451 578 2485 quum
602 2442 782 2483 veulsset,
807 2441 929 2474 morbo
954 2443 1155 2486 gravissimo
1183 2453 1264 2475 eum
1289 2440 1553 2474 conflictantem
1581 2446 1617 2473 et
1636 2440 1769 2473 mentis

325 2487 493 2530 impotem
518 2489 668 2533 reperit3
693 2500 760 2522 nec
781 2488 963 2522 habebant
992 2490 1186 2522 consiliarii
1210 2490 1298 2528 eius,
1323 2488 1389 2520 soli
1411 2486 1508 2532 quod
1532 2487 1589 2520 illi
1617 2497 1768 2532 respon—

325 2544 401 2565 sum
427 2533 563 2568 darent.
589 2536 710 2579 itaque
745 2546 781 2568 re
813 2537 943 2570 infecta
980 2535 1173 2581 imperator
1206 2536 1345 2581 Cpolim
1374 2534 1499 2576 rediit,
1535 2544 1628 2567 anno
1661 2533 1766 2577 1405,

325 2581 455 2613 mensis
477 2581 695 2626 Septembris
721 2582 780 2616 die
812 2584 860 2616 13.

425 2629 474 2662 16.
501 2629 632 2662 Eodem
651 2640 745 2663 anno
759 2630 938 2663 Bainzetes
959 2640 1092 2663 ameras
1109 2629 1451 2675 Giacup-pasianem
1472 2632 1508 2661 et
1519 2628 1707 2660 Brenazem
1727 2626 1767 2660 in

325 2672 607 2718 Peloponnesum
624 2688 701 2710 cum
727 2678 884 2710 exercitu
908 2677 1167 2722 quinquaginta
1191 2678 1342 2710 millium
1361 2677 1474 2709 misit:
1498 2675 1558 2720 qui
1580 2679 1617 2708 et
1636 2675 1673 2707 in
1686 2674 1764 2718 ipso

327 2721 456 2755 itinere
474 2727 510 2755 et
529 2722 565 2757 in
581 2724 826 2769 Peloponneso
850 2725 971 2759 multis
988 2724 1220 2759 incommodis
1234 2750 1243 2766 ‚
1263 2722 1523 2759 calamitatibus
1548 2733 1588 2756 ac
1613 2721 1766 2757 servitiis
