1806 3190
293 143 402 214 492
705 162 922 202 immas
960 162 1323 204 ANAGNOSTAE

293 256 408 314 εἶχον
435 259 546 316 παρὰ
582 259 680 309 τούς
709 254 829 309 ὄντας
845 261 894 317 τῇ
922 261 1056 316 πόλει)
1088 263 1173 303 δεῖν
1201 263 1243 312 ἐξ
1271 261 1448 318 α’νὰγκης
1477 257 1602 319 ᾤοντο
1628 265 1730 308 πάν-

290 343 365 376 τας
391 330 492 380 γοῦν
533 324 706 379 ἑτοίμως
745 324 858 380 ἔχειν
900 325 1004 381 πρὸς
1034 325 1226 380 πόλεμον.
1295 331 1554 384 μεταστῆσαι
1586 333 1632 372 δὲ
1659 330 1731 374 καί

287 390 363 447 την
392 391 548 446 α’γοροὶν
572 390 676 446 πρὸς
704 392 896 447 φυλακην
936 392 1232 448 ὥκριβεστέραν
1261 396 1332 448 τῆς
1362 394 1512 444 πόλεως
1542 398 1635 438 δέον
1661 412 1727 438 κε-

287 460 493 511 κρίκασιν,
523 458 564 499 εἷ
605 456 678 499 καί
704 459 834 511 πέρας
862 457 962 507 ἴσως
1001 461 1120 501 τοῦτο
1151 463 1293 512 λαβεῖν
1321 460 1397 500 οὐκ
1423 459 1558 514 ἔσχεν,
1585 463 1727 504 ἐπιθε-

287 525 424 576 μένων
453 522 606 578 αἴφνης
648 525 730 565 τῶν
770 525 979 576 πολεμίων
1008 527 1079 566 καί
1104 527 1256 567 θᾶττον
1293 522 1322 580 ἢ
1350 525 1499 575 πάντες
1528 529 1763 582 uuanda-5

284 592 448 642 κῶμεν·
501 585 583 630 “oin
612 587 692 644 γὰρ
718 588 791 643 την
820 588 961 632 πόλιν”
1000 590 1162 645 ἔφησαν
1188 589 1457 634 “κυκλιόσωσι
1483 595 1560 645 μὲν
1588 591 1625 634 οἱ
1652 609 1728 635 πο-

283 658 419 707 λέμιοι
448 657 520 697 καί
542 657 616 697 τοῦ
646 659 838 708 πολεμεῖν
859 659 1043 710 συνεχῶς
1058 660 1262 711 γίνωνται,
1296 658 1416 712 ἡμεῖς
1447 660 1492 700 δὲ
1520 655 1622 714 πρὸς
1651 658 1726 714 τὴν

207 719 442 775 329ιίγοράν
470 720 615 776 πόρρω
656 724 844 777 κειμένην
881 720 1068 775 ἀπίωμεν
1111 723 1162 764 τὰ
1192 723 1291 778 πρὸς
1313 726 1462 778 χρείαν
1489 724 1727 778 ὠνούμενοι,

284 789 516 840 παρέξομεν
556 786 639 828 ὑπὸ
677 788 749 841 τῆς
783 789 862 830 τῶν
902 791 1054 841 τειχῶν
1094 790 1268 843 ἐρημίας
1313 788 1388 844 τὴν
1424 789 1544 832 πόλιν
1570 790 1725 844 αὕτοῖς,

282 853 443 907 μηδένα
473 851 597 895 πόνον
619 855 824 908 μηδαμῶς
855 855 1242 908 προϋπενεγκοῦσι.”
1269 856 1404 906 καλῶς
1435 851 1508 898 οὖν
1524 854 1594 898 διὰ
1623 855 1787 906 miv-10

282 935 377 972 των,
406 921 478 961 καί
507 918 564 968 ὥς
593 925 795 974 παρεῖχεν
822 919 846 975 ἦ
879 919 1077 974 δυ’ναμις,
1108 923 1505 976 παρεσκευασμένων
1531 919 1723 964 ἁπάντων

281 985 414 1027 πάντα
444 989 596 1027 παθεῖν
634 986 742 1042 ὑπὲρ
774 988 846 1041 τῆς
875 990 1104 1040 πατρίδος,
1148 990 1390 1042 προθυμίαν
1429 987 1722 1040 ἐνεδειξάμεθα

280 1051 357 1106 τήν
386 1051 529 1107 αὐτήν,
559 1054 632 1094 καί
655 1052 730 1107 τὴν
757 1054 905 1094 ἐλπίδα
933 1056 1072 1095 πᾶσαν
1091 1055 1161 1095 ἐπί
1187 1056 1272 1111 θεῷ
1299 1052 1372 1095 καί
1396 1056 1454 1112 τῷ
1479 1054 1722 1111 μυροβλύτῃ

279 1117 463 1172 μάρτυρι
484 1118 727 1167 σαλεύοντες
745 1114 859 1174 ἦμεν,
882 1119 953 1161 καί
968 1122 1323 1174 περιεσκοποῦμεν
1345 1119 1507 1175 νύκτωρ
1526 1119 1601 1162 καί
1625 1123 1725 1173 μεθ’

279 1182 440 1239 ἡμέραν
469 1184 545 1240 τὴν
587 1185 738 1241 ἔφοδον
779 1187 862 1227 τῶν
890 1185 1139 1241 βαρβάρων,
1187 1189 1282 1227 καθ’
1309 1182 1489 1240 ἑκάστην
1514 1183 1620 1228 κατὰ
1649 1184 1723 1235 τὰς
1739 1194 1786 1235 15

280 1250 473 1305 ἀγγελίας
507 1247 665 1300 αὐτούς
694 1249 975 1305 ἐκδεχόμενοι.

388 1315 438 1364 ς’.
488 1314 674 1373 εΗμέραι
702 1320 918 1373 παρῆλθον
946 1314 1074 1367 αὖθις
1105 1316 1257 1372 ὀλίγαι,
1289 1317 1362 1360 κατ’
1386 1318 1524 1372 τρίτος
1552 1313 1721 1372 ἅγγελος

277 1378 356 1438 ἤδη
387 1382 492 1436 πρὸς
531 1382 608 1438 τήν
636 1385 752 1426 πόλιν
783 1385 936 1440 α’φῖκτο
955 1417 967 1437 ,
994 1384 1069 1438 τῆν
1097 1384 1156 1433 εἰς
1185 1382 1236 1425 τά
1269 1386 1478 1438 Λαγκαδᾶ
1505 1386 1582 1426 τοῦ
1610 1386 1722 1426 Μω-

276 1447 407 1504 ράτου
438 1451 574 1505 δηλῶν
603 1445 770 1506 ἄφιξιν,
816 1449 889 1492 καί
919 1450 977 1499 ὥς
1004 1451 1083 1503 οὐχ
1113 1449 1254 1492 ἱκανὸν
1278 1450 1322 1492 τὸ
1354 1452 1495 1492 πεδίον
1523 1452 1583 1498 εἰς
1613 1448 1717 1490 πολὺ

274 1517 406 1570 μῆκος
434 1517 699 1574 ἐκτεταμένον
727 1518 856 1558 ἐκεῖνο
884 1515 989 1572 πρὸς
1024 1515 1228 1571 τοσαύτην
1269 1515 1431 1571 πληθὺν
1459 1517 1718 1569 στρατευμά-
1732 1525 1806 1563 2οῧ

275 1597 370 1623 των.
428 1581 615 1637 διήγγελε
647 1583 693 1624 δὲ
719 1584 792 1624 καί
819 1581 894 1637 τήν
923 1580 1192 1636 παρασκευήν
1211 1581 1311 1636 ὑπὲρ
1343 1582 1463 1636 λόγον
1492 1578 1622 1624 οὖσαν
1649 1584 1721 1624 καί
1803 1588 1806 1590 ’

275 1645 335 1702 μὴ
366 1645 515 1706 ῥᾳδίαν
544 1648 740 1704 ῥηθῆναι.
807 1647 932 1690 πάλιν
965 1643 1039 1690 οὖν
1068 1648 1186 1703 ἡμεῖς
1223 1650 1268 1689 ὲν
1295 1649 1470 1704 σπουδῇ,
1498 1647 1570 1689 καί
1595 1646 1719 1690 πάλιν

275 1715 321 1756 ὲν
346 1715 559 1774 ἐπιμελειζι
586 1713 760 1772 μεγάλῃ.
840 1717 979 1770 παρῆν
1021 1716 1067 1756 δὲ
1106 1715 1128 1769 ἦ
1170 1715 1293 1769 κυρία
1332 1715 1414 1755 τῶν
1444 1712 1620 1770 ἡμερῶν,
1649 1716 1721 1757 καί

376 1842 427 1875 ¹9.
450 1830 532 1878 οὗχὶ
555 1830 626 1867 κᾶν
649 1830 689 1867 τὸ
715 1833 742 1866 Λ

277 1935 512 1968 necessarium
537 1934 671 1968 duxere
707 1947 828 1969 omnes
856 1935 901 1968 ad
925 1935 1153 1981 pugnandum
1179 1939 1360 1979 promptos
1392 1945 1480 1967 esse.
1529 1943 1717 1978 rerumque

276 1982 456 2015 venalium
480 1982 597 2015 forum
624 1983 695 2016 alio
720 1988 903 2027 asportare
926 1995 989 2027 pro
1013 1983 1223 2016 accuratiori
1257 1981 1413 2014 civitatis
1437 1980 1597 2013 custodia
1623 1979 1717 2012 deli-

275 2028 448 2062 berarunt
469 2041 477 2072 3
504 2030 589 2062 licet
613 2029 653 2062 id
677 2029 722 2062 ad
748 2031 854 2062 finem
881 2030 1029 2074 perduci
1054 2041 1125 2062 non
1153 2030 1329 2073 potuerit,
1356 2039 1434 2061 cum
1458 2038 1502 2060 ex
1524 2027 1715 2071 improviso

275 2075 408 2116 hostes,
437 2082 474 2109 et
498 2081 618 2109 nostra
642 2078 907 2122 exspectatione
937 2078 1058 2117 citius,
1097 2077 1316 2120 irrupissent.
1365 2075 1508 2114 etenim,
1535 2074 1715 2114 dicebaut,

276 2123 303 2156 si
333 2123 525 2156 adversarii
552 2123 674 2156 urbem
710 2125 822 2168 copiis
855 2125 1032 2157 cinxerint
1074 2129 1110 2156 et
1133 2123 1258 2167 pugnis
1291 2133 1368 2154 raro
1395 2120 1715 2154 intermittentibus

274 2169 512 2211 indulserint,
548 2181 613 2202 nos
647 2181 730 2204 vero
754 2171 798 2203 ad
836 2170 950 2203 sorum
976 2173 1081 2213 longe
1107 2170 1267 2202 dissitum
1299 2169 1495 2202 necessaria
1519 2168 1716 2212 cot‘mpturi

277 2217 491 2258 abierimus,
515 2217 662 2250 desertis
691 2219 800 2251 muris
828 2223 864 2250 et
896 2218 1101 2250 custodibus
1136 2217 1273 2256 vacuis,
1295 2215 1395 2248 nullo
1425 2215 1566 2259 praevio
1594 2214 1716 2247 labore

277 2265 350 2297 illis
377 2265 555 2297 civitatem
580 2264 771 2298 trademus.
819 2270 915 2297 recte
940 2266 1061 2310 itaque
1086 2263 1262 2303 omnibus,
1299 2268 1335 2295 et
1361 2267 1399 2295 ut
1422 2263 1514 2294 vires
1540 2260 1716 2294 concede-

276 2311 387 2351 bant‚
414 2311 621 2355 dispositis’‚
648 2323 769 2345 omncs
805 2312 884 2344 unis
921 2313 1064 2351 animis,
1102 2311 1220 2343 onmia
1243 2321 1308 2354 pro
1342 2309 1457 2353 patria
1482 2309 1556 2353 pati
1580 2309 1715 2352 parati,

275 2369 372 2402 spem
398 2358 598 2392 universam
622 2360 658 2391 in
685 2359 753 2392 deo
775 2364 811 2391 et
825 2364 976 2400 martyre
994 2358 1193 2401 myroblyta
1217 2357 1480 2396 collocavimus,
1505 2361 1542 2388 et
1567 2354 1625 2388 die
1649 2366 1716 2388 no-

277 2410 409 2450 ctuque
448 2405 675 2445 barbarorum
709 2406 941 2450 irruptionem
978 2404 1343 2450 circumspiciebamus
1361 2428 1370 2443 ,
1395 2401 1650 2448 quotidquue,
1677 2406 1717 2435 ut

276 2453 483 2486 nunciatum
508 2453 636 2492 fuerat,
664 2452 965 2498 exspectabamus.

368 2500 401 2532 6.
451 2500 572 2532 Paucis
599 2499 726 2532 diebus
752 2499 1017 2544 praetergressis
1053 2498 1180 2531 tertius
1215 2497 1364 2529 nuncius
1389 2495 1426 2527 in
1450 2495 1629 2528 civitatem
1650 2496 1715 2527 ad-

274 2545 384 2586 volat,
412 2546 572 2580 Muratae
598 2546 790 2580 adventum
815 2547 853 2578 in
872 2546 1035 2589 Langada
1061 2545 1233 2583 indicans,
1257 2555 1322 2575 nec
1346 2543 1429 2575 satis
1452 2553 1527 2574 esse
1554 2553 1715 2587 campum

275 2591 379 2625 illum
403 2593 508 2637 longe
535 2594 680 2638 lateque
710 2594 875 2626 diffusum
901 2594 1082 2637 copiarum
1114 2590 1359 2631 multitudiui3
1393 2594 1598 2634 apparatum
1624 2599 1718 2633 quo-

275 2649 345 2683 que
369 2641 624 2683 praenarrabat
650 2652 725 2673 esse
749 2652 855 2686 super
890 2651 1029 2673 omnem
1054 2638 1354 2682 exspectationem
1380 2647 1446 2669 nec
1470 2646 1575 2681 posse
1597 2634 1716 2669 verbis

254 2686 438 2729 exprimi.
502 2699 636 2720 rursum
674 2700 738 2720 nos
773 2688 913 2720 solicite
938 2698 1053 2731 agere,
1089 2685 1352 2729 diligenterque
1380 2693 1470 2728 quae
1496 2693 1584 2726 opus
1614 2687 1716 2715 erant

275 2743 409 2766 curare.
460 2734 629 2768 illuxerat
648 2734 785 2768 dierum
811 2733 977 2776 domina3
1005 2739 1041 2767 et
1066 2738 1171 2766 noete
1195 2731 1312 2765 media
1336 2734 1565 2764 terraemotus
1590 2728 1713 2774 ingens
