1806 3190
513 140 612 179 Lm.
641 140 711 178 iv.
753 138 870 179 CAP.
897 137 1023 177 xvn.
1380 117 1485 184 401

34 239 339 292 ,νεμβασιιόται
390 239 431 279 οἳ
465 252 508 280 τε
574 239 618 279 ἐν
665 238 717 293 τῇ
760 233 979 292 θεοσαὶστῳ
1032 230 1151 274 πόλει
1192 233 1499 285 Μονεμβασιάς

55 306 363 355 κατοικοῦντες,
408 302 514 344 ἀλλά
560 303 611 356 δὴ
654 301 726 342 καὶ
765 300 804 342 οἱ
852 303 898 342 ἐκ
946 302 1030 342 τῶν
1076 300 1234 352 Πηγῶν
1277 298 1350 339 καί
1391 295 1496 339 ὅπου

56 364 140 420 ἄρα
182 367 458 421 εὖρίσκωνται
490 369 563 409 καί
602 368 847 408 κατοικῶσιν
907 364 967 414 εἴς
1008 380 1053 406 τε
1101 363 1177 418 τὴν
1218 361 1499 414 θεοδόξαστον

57 432 494 475 Κωνσταντινούπολιν
546 432 589 475 εἴ
633 448 678 474 τε
731 433 804 472 καὶ
855 431 1070 484 ἀλλαχοῦ,
1129 426 1373 472 α’πολαύωσι
1420 431 1499 483 μὲν

4 523 6 526 v
55 499 126 553 τῆς
155 497 205 552 ἢν
233 495 347 552 εἶχον
377 497 578 553 πρότερον
622 498 815 548 ἐξουσίας
859 497 933 537 καί
961 492 1271 551 ὃεφενδεὺσεως
1311 493 1381 537 διὰ
1415 498 1499 537 τῶν

55 562 270 620 ῥηθέντων
295 562 621 618 χρυσοβούλλων
660 562 734 603 καί
768 559 1102 615 προσταγμάτων
1132 554 1191 602 ὧν
1218 557 1331 614 εἶχον
1352 559 1390 602 οἱ
1417 560 1500 602 α’πό

55 631 139 671 τῶν
169 631 328 683 Πηγῶν
369 630 443 670 καί
476 627 515 670 οἱ
558 625 753 684 ῥηθέντες
782 629 1175 680 ΙΙῚονεμβασιῶταν
1235 628 1501 668 κατεπέκεινα

57 695 105 735 δὲ
133 695 206 747 τῆς
225 692 420 749 τοιαύτης
459 695 648 744 ἐξουσίας
687 694 900 747 εὐεργετεῖ
933 690 1180 746 ἦβασιλειά
1220 706 1303 744 μου
1344 689 1540 742 mironis-B

55 762 202 808 κοινιός
244 755 364 808 ὅλους
405 758 501 808 τοὺς
533 757 923 812 Μονεμβασιιότας,
962 756 1061 805 τούς
1090 772 1133 797 τε
1165 759 1210 798 ἐκ
1236 758 1316 798 τῶν
1341 759 1503 812 Πηγῶν

0 844 2 865 J
56 825 128 865 καί
151 822 249 873 τούς
289 826 334 865 ἐκ
363 826 692 878 ῙΙῑῙονεμβασιῖις,
726 825 794 865 ἵνα
835 824 906 878 ἐφ’
944 818 1011 870 αἷς
1041 819 1093 863 ἂν
1130 825 1278 864 ποιῶσι
1309 839 1504 877 πραγμα-

53 888 182 937 τείαις
211 889 383 931 δίδωσιν
411 891 469 938 εἰς
497 889 539 930 τὸ
574 891 789 943 κομέρκιον
815 889 889 942 τῆς
919 889 1198 937 &maog-domu
1231 890 1502 929 Κωνσταντι-

53 953 289 1002 νουπόλεως
320 955 426 1008 ὑπὲρ
455 956 626 1008 ἐκβολῆς
656 955 882 1008 ποσότητος
904 955 1198 1006 νουμισμάτων
1228 950 1376 994 ἑκατὸν
1405 952 1504 995 νού-

55 1035 194 1072 μισμα
237 1021 306 1068 ἓν,
352 1020 424 1062 καί
462 1020 567 1075 ὑπὲρ
611 1021 784 1074 ἐκβολῆς
824 1020 981 1073 ἀγορᾶς
1021 1019 1095 1058 καί
1136 1015 1281 1072 ἑτέρας
1309 1036 1505 1074 πραγμα-

54 1088 167 1133 τείας
195 1083 418 1140 ποσότητος
448 1084 740 1138 νουμισμάτων
778 1081 925 1127 ἑκατὸν
959 1085 1170 1136 νούμισμα
1210 1084 1279 1138 ἓν,
1316 1084 1400 1126 εἴτε
1429 1088 1505 1140 δη-

55 1149 192 1192 λονότι
228 1149 296 1191 διὰ
330 1154 444 1192 σι’του
473 1153 517 1192 ἐν
543 1152 599 1207 τῷ
628 1149 844 1207 προφορίῳ
873 1150 946 1191 καί
974 1149 1165 1204 ἀλλαχοῦ
1193 1147 1295 1192 ἔνθα
1313 1149 1503 1204 βούλων-

28 1209 150 1267 ται,
181 1214 264 1257 εἴτε
299 1215 370 1257 διὰ
402 1215 540 1268 οἴνου,
573 1215 646 1258 ἐὰν
684 1217 728 1266 ἐξ
758 1217 846 1265 οἵας
878 1213 1028 1270 δήποτε
1054 1213 1198 1271 χώρας
1229 1217 1506 1270 διακομίσωσι

51 1279 239 1333 τούτοις,
278 1278 307 1336 ἢ
356 1280 427 1322 διὰ
468 1284 742 1336 προσφαγίων
785 1283 953 1323 παστῶν
980 1277 1006 1336 ἢ
1037 1283 1246 1336 τομαρίων
1276 1276 1304 1336 ἢ
1333 1282 1506 1334 πετζίων

51 1342 82 1400 ἢ
120 1347 270 1388 πανίου
299 1343 340 1403 :7²7¹
378 1345 614 1388 λινοκόκκου
659 1343 688 1401 ἢ
728 1348 978 1402 τζοχαρικῆς
1004 1344 1033 1401 ἢ
1062 1347 1325 1401 τετραπόδων
1364 1345 1507 1402 ’'551⁸'-

54 1427 139 1466 ρων
165 1414 289 1454 εἰδῶν
316 1407 375 1454 ὧν
403 1409 455 1454 ἄν
482 1412 729 1466 βούλωνται,
763 1415 861 1467 μηδ’
885 1408 988 1461 ὅλως
1013 1411 1127 1467 παρὰ
1150 1412 1329 1467 μηδενὸς
1345 1410 1506 1454 κωλυό-

53 1492 171 1528 μενοι
205 1480 275 1520 ἑπί
301 1483 391 1527 ταῖς
425 1478 680 1531 ὃιαπράσεσι
708 1480 792 1520 τῶν
813 1476 1016 1519 τοιούτων
1043 1481 1339 1532 πραγματειῶν
1365 1479 1506 1521 αὐτῶν

53 1538 82 1596 ἢ
109 1543 405 1597 καθελκύμενοι
434 1547 494 1593 εἰς
519 1542 769 1598 ἀπαιτήσεις
796 1545 1140 1596 καμπανιστικοῦ,
1170 1546 1399 1598 μεσιτικοῦ,
1430 1547 1504 1596 ζυ-

50 1611 268 1663 γαστικοῦ,
298 1611 568 1664 μετρητικοῦ,
613 1610 882 1663 παχιατικοῦ,
924 1609 1253 1663 γομαριατικοῦ,
1291 1611 1504 1662 ὀψωνιόυ,

51 1677 335 1728 σκαλιατικοῦ,
365 1677 642 1730 βιγλιατικοῦ,
677 1676 889 1730 δεκατιάς,
926 1675 1161 1730 ἁλιευτικῆς
1188 1678 1500 1731 τετραμοιριάς,

145 1783 177 1826 4.
205 1780 423 1826 ἀπολάβωσι
447 1781 472 1814 Ρ
588 1782 621 1815 6.
652 1777 676 1815 ἃ
703 1782 727 1815 Ρ
850 1792 902 1814 11.
936 1777 977 1815 τὸ
1006 1792 1063 1814 om
1081 1781 1107 1813 Ρ
1254 1781 1304 1814 15.
1328 1794 1501 1829 πυροφο-

144 1831 212 1873 ρίω
241 1830 264 1861 Ρ
409 1839 459 1870 ι7.
484 1826 599 1862 ταῦτα
625 1827 648 1860 Ρ
785 1837 841 1860 20.
863 1828 1097 1874 πραγμάτων
1121 1828 1146 1861 Ρ
1269 1838 1325 1862 21.
1353 1841 1501 1874 μεπιτι-

140 1875 207 1908 κοῦ
232 1875 254 1907 Ρ
371 1885 427 1907 22.
452 1874 714 1921 μπαχαντικοῦ
737 1874 1009 1922 γομαριτιτικοῦ
1037 1874 1061 1907 Ρ
1162 1874 1218 1907 23.
1244 1877 1455 1921 βιγλατικοῦ
1475 1877 1498 1909 Ρ

142 1923 389 1968 τετριιμοίρας
416 1921 439 1954 Ρ

49 2007 112 2052 qui
139 2006 263 2039 urbem
289 2006 356 2040 deo
385 2017 497 2039 caram
511 2005 793 2040 Monembasiam
812 2004 989 2047 habitant,
1014 2011 1087 2039 tum
1114 2007 1175 2053 qui
1195 2007 1293 2051 Pegis
1319 2007 1377 2040 vel
1403 2018 1497 2053 quo-

48 2054 102 2086 vis
127 2054 198 2086 alio
227 2055 306 2087 loco
323 2079 333 2094 ,
365 2054 437 2087 sive
463 2054 591 2099 Cpoli,
618 2052 706 2085 urbe
731 2053 844 2097 gloria
873 2052 930 2086 dei
958 2054 1112 2095 illustri,
1146 2055 1220 2086 sive
1249 2053 1349 2093 alibi,
1372 2055 1498 2087 vivunt

50 2106 400 2145 commoranturque,
426 2101 532 2134 etiam
558 2099 705 2145 posthac
723 2100 884 2132 fruantur
910 2110 963 2140 ea,
990 2111 1094 2145 quam
1124 2100 1261 2145 pridem
1291 2100 1497 2134 habuerunt

47 2157 114 2192 per
138 2158 244 2192 supra
266 2147 467 2180 nominatas
508 2147 626 2179 bullas
663 2157 786 2179 aureas
823 2152 861 2180 et
887 2146 1003 2180 edicta
1020 2172 1029 2186 ‚
1063 2147 1232 2180 libertate
1262 2152 1298 2180 et
1325 2148 1497 2180 immuni-

49 2199 146 2235 tate3
174 2200 210 2228 et
236 2205 319 2227 vero
345 2193 649 2227 Monembasiotas
672 2194 872 2234 universos,
903 2199 978 2226 tum
1004 2205 1076 2234 eos,
1102 2195 1163 2238 qui
1190 2194 1301 2238 Pegis,
1330 2199 1405 2227 tum
1431 2196 1495 2239 qui

49 2240 318 2274 monembasiae
342 2240 531 2282 habitant,
557 2251 648 2273 novo
681 2240 750 2273 hoc
777 2239 954 2274 beneficio
983 2252 1161 2280 ornamus,
1190 2246 1229 2273 ut
1252 2242 1290 2273 in
1318 2241 1493 2275 aerarium

50 2287 148 2320 urbis
174 2288 286 2332 gloria
309 2287 367 2320 dei
392 2287 653 2321 illustrissimae
674 2286 795 2332 Cpolis
822 2287 861 2320 in
884 2293 1052 2328 mercatu,
1079 2286 1249 2320 nundinis
1275 2287 1399 2321 aliisve
1424 2299 1491 2320 ne-

49 2334 158 2378 gotiis
184 2334 393 2367 centesimas
418 2346 491 2368 non
516 2334 668 2378 amplius
702 2333 857 2378 singulas
882 2334 1054 2379 pendant,
1094 2334 1122 2366 si
1150 2334 1186 2366 in
1212 2334 1289 2367 soro
1319 2334 1378 2367 vel
1403 2334 1490 2367 alibi

48 2387 255 2425 proponant
290 2386 352 2413 aut
379 2391 398 2413 e
428 2383 571 2425 regione
610 2391 819 2426 quacunque
855 2380 1035 2414 advehant
1063 2381 1136 2413 sive
1162 2381 1392 2421 frumentum,
1417 2382 1490 2415 sive

48 2427 183 2468 vinum,
207 2429 280 2461 sive
313 2438 433 2461 carnes
457 2428 576 2470 salsas,
603 2429 676 2461 sive
701 2427 806 2468 coria,
839 2427 912 2460 sive
938 2428 1062 2473 pelles,
1089 2428 1160 2460 sive
1185 2437 1322 2471 pannos
1344 2429 1490 2469 laneos,

48 2472 181 2507 linteos
218 2476 408 2514 sericosve‚
438 2475 511 2508 sive
541 2485 674 2519 equos,
703 2475 776 2507 sive
803 2473 960 2519 denique
996 2474 1094 2506 aliud
1120 2474 1360 2519 quodcunque
1396 2485 1490 2508 mer-

48 2520 142 2554 cium
169 2531 300 2564 genus,
333 2532 422 2554 neve
461 2522 498 2554 in
522 2519 735 2566 peragendis
771 2520 826 2553 his
859 2521 1011 2564 negotiis
1053 2533 1072 2552 a
1106 2521 1250 2553 nemine
1289 2521 1489 2567 impedian-

47 2571 106 2599 tur
134 2573 196 2600 aut
226 2574 397 2612 cogantur
425 2568 558 2601 tributa
582 2567 741 2613 pendere
768 2578 832 2612 pro
861 2566 1039 2600 mercibus
1066 2566 1327 2611 ponderandis,
1354 2568 1490 2602 libran-

47 2611 103 2646 dis
146 2614 203 2647 vel
238 2614 454 2654 metiendis,
490 2625 553 2659 pro
590 2615 719 2658 adipe,
771 2614 947 2659 opsonio,
979 2614 1133 2646 statione
1174 2615 1341 2654 navium,
1381 2627 1490 2648 excu—

46 2657 127 2700 biis,
154 2666 216 2694 aut
241 2661 324 2694 dare
347 2661 522 2702 decumas,
546 2661 603 2694 vel
628 2659 864 2706 quadrantem
898 2660 1145 2705 piscatorium,
1170 2661 1226 2694 vel
1255 2661 1352 2694 aliud
1372 2662 1490 2708 quod-

47 2716 188 2752 cunque
212 2707 382 2753 stipendii
407 2718 535 2754 genus5
566 2708 636 2743 imo
663 2718 730 2743 uec
754 2707 983 2742 collationem
1018 2707 1150 2741 saciant
1190 2707 1234 2740 ad
1261 2715 1373 2743 castra
1408 2721 1487 2744 mu-

110 2774 322 2811 Pkramzes.
1199 2777 1243 2810 26
