<?xml version="1.0" encoding="UTF-8"?>
<!DOCTYPE html PUBLIC "-//W3C//DTD XHTML 1.0 Transitional//EN"
    "http://www.w3.org/TR/xhtml1/DTD/xhtml1-transitional.dtd">
<html xmlns="http://www.w3.org/1999/xhtml" xml:lang="en" lang="en">
 <head>
  <title>
</title>
<meta http-equiv="Content-Type" content="text/html;charset=utf-8" />
  <meta name='ocr-system' content='tesseract 3.04.00' />
  <meta name='ocr-capabilities' content='ocr_page ocr_carea ocr_par ocr_line ocrx_word'/>
</head>
<body>
  <div class='ocr_page' id='page_1' title='image "./corpusscriptorum19niebuoft_0405.png"; bbox 0 0 1806 3190; ppageno 0'>
   <div class='ocr_carea' id='block_1_1' title="bbox 561 106 1512 182">
    <p class='ocr_par' dir='ltr' id='par_1_1' title="bbox 561 106 1512 182">
     <span class='ocr_line' id='line_1_1' title="bbox 561 106 1512 182; baseline -0.004 -14"><span class='ocrx_word' id='word_1_1' title='bbox 561 129 663 168; x_wconf 70' lang='grc' dir='ltr'><strong>ιω.</strong></span> <span class='ocrx_word' id='word_1_2' title='bbox 708 130 778 169; x_wconf 77' lang='lat' dir='ltr'><strong>iv.</strong></span> <span class='ocrx_word' id='word_1_3' title='bbox 817 128 934 170; x_wconf 78' lang='lat' dir='ltr'>CAP.</span> <span class='ocrx_word' id='word_1_4' title='bbox 969 129 1075 168; x_wconf 76' lang='lat' dir='ltr'><strong>xvi.</strong></span> <span class='ocrx_word' id='word_1_5' title='bbox 1401 106 1512 182; x_wconf 81' lang='grc'><strong>393</strong></span> 
     </span>
    </p>
   </div>
   <div class='ocr_carea' id='block_1_2' title="bbox 32 224 1521 1665">
    <p class='ocr_par' dir='ltr' id='par_1_2' title="bbox 73 224 1519 478">
     <span class='ocr_line' id='line_1_2' title="bbox 76 224 1516 280; baseline -0.001 -11"><span class='ocrx_word' id='word_1_6' title='bbox 76 224 228 269; x_wconf 74' lang='grc' dir='ltr'><strong><em>κολιίου</em></strong></span> <span class='ocrx_word' id='word_1_7' title='bbox 257 227 334 267; x_wconf 79' lang='grc' dir='ltr'><strong>τοῦ</strong></span> <span class='ocrx_word' id='word_1_8' title='bbox 360 227 634 280; x_wconf 79' lang='grc' dir='ltr'><strong><em>Μελισσηνοῦ</em></strong></span> <span class='ocrx_word' id='word_1_9' title='bbox 662 230 738 267; x_wconf 79' lang='grc' dir='ltr'><strong>τοῦ</strong></span> <span class='ocrx_word' id='word_1_10' title='bbox 775 225 847 268; x_wconf 82' lang='grc' dir='ltr'><strong><em>καί</em></strong></span> <span class='ocrx_word' id='word_1_11' title='bbox 870 226 1188 280; x_wconf 81' lang='grc' dir='ltr'><strong><em>μελλογάμβρου</em></strong></span> <span class='ocrx_word' id='word_1_12' title='bbox 1213 241 1308 278; x_wconf 84' lang='grc' dir='ltr'><strong><em>μου,</em></strong></span> <span class='ocrx_word' id='word_1_13' title='bbox 1335 227 1410 267; x_wconf 75' lang='grc' dir='ltr'><strong><em>καί</em></strong></span> <span class='ocrx_word' id='word_1_14' title='bbox 1435 227 1516 267; x_wconf 77' lang='grc' dir='ltr'><strong><em>αὕ-</em></strong></span> 
     </span>
     <span class='ocr_line' id='line_1_3' title="bbox 74 290 1517 347; baseline -0.001 -14"><span class='ocrx_word' id='word_1_15' title='bbox 74 291 148 339; x_wconf 85' lang='grc' dir='ltr'><strong>τός</strong></span> <span class='ocrx_word' id='word_1_16' title='bbox 175 292 298 345; x_wconf 75' lang='grc' dir='ltr'><strong><em>α’φείς</em></strong></span> <span class='ocrx_word' id='word_1_17' title='bbox 327 291 401 345; x_wconf 78' lang='grc' dir='ltr'><strong>τὴν</strong></span> <span class='ocrx_word' id='word_1_18' title='bbox 429 294 659 335; x_wconf 70' lang='grc' dir='ltr'><strong><em>αὖθεντίαν</em></strong></span> <span class='ocrx_word' id='word_1_19' title='bbox 687 295 758 334; x_wconf 79' lang='grc' dir='ltr'><strong><em>καί</em></strong></span> <span class='ocrx_word' id='word_1_20' title='bbox 783 295 922 334; x_wconf 82' lang='grc' dir='ltr'><strong><em>πᾶσαν</em></strong></span> <span class='ocrx_word' id='word_1_21' title='bbox 949 291 1024 347; x_wconf 78' lang='grc' dir='ltr'><strong>τὴν</strong></span> <span class='ocrx_word' id='word_1_22' title='bbox 1055 292 1194 333; x_wconf 72' lang='grc' dir='ltr'><strong><em>αὑτοῦ</em></strong></span> <span class='ocrx_word' id='word_1_23' title='bbox 1219 293 1358 345; x_wconf 79' lang='grc' dir='ltr'><strong><em>κτῆσίν</em></strong></span> <span class='ocrx_word' id='word_1_24' title='bbox 1374 306 1417 332; x_wconf 88' lang='grc' dir='ltr'><strong><em>τε</em></strong></span> <span class='ocrx_word' id='word_1_25' title='bbox 1444 290 1517 332; x_wconf 75' lang='grc' dir='ltr'><strong><em>καί</em></strong></span> 
     </span>
     <span class='ocr_line' id='line_1_4' title="bbox 74 357 1516 413; baseline 0 -15"><span class='ocrx_word' id='word_1_26' title='bbox 74 358 318 409; x_wconf 73' lang='grc' dir='ltr'><strong><em>περιουσίαν</em></strong></span> <span class='ocrx_word' id='word_1_27' title='bbox 347 360 594 411; x_wconf 79' lang='grc' dir='ltr'><strong><em>παρεγένετο</em></strong></span> <span class='ocrx_word' id='word_1_28' title='bbox 623 361 696 400; x_wconf 84' lang='grc' dir='ltr'><em>καί</em></span> <span class='ocrx_word' id='word_1_29' title='bbox 729 357 854 406; x_wconf 76' lang='grc' dir='ltr'><strong><em>αὐτὸς</em></strong></span> <span class='ocrx_word' id='word_1_30' title='bbox 879 360 974 411; x_wconf 74' lang='grc' dir='ltr'><strong><em>μεθ’</em></strong></span> <span class='ocrx_word' id='word_1_31' title='bbox 1002 359 1120 413; x_wconf 75' lang='grc' dir='ltr'><strong><em>ἡμῶν</em></strong></span> <span class='ocrx_word' id='word_1_32' title='bbox 1151 360 1195 399; x_wconf 82' lang='grc' dir='ltr'><strong>έν</strong></span> <span class='ocrx_word' id='word_1_33' title='bbox 1223 361 1274 413; x_wconf 82' lang='grc' dir='ltr'><strong><em>τῇ</em></strong></span> <span class='ocrx_word' id='word_1_34' title='bbox 1305 357 1516 412; x_wconf 74' lang='grc' dir='ltr'><strong><em>Μοθώνῃ,</em></strong></span> 
     </span>
     <span class='ocr_line' id='line_1_5' title="bbox 73 420 1519 478; baseline 0.001 -15"><span class='ocrx_word' id='word_1_35' title='bbox 73 424 172 475; x_wconf 72' lang='grc' dir='ltr'><strong><em>περὶ</em></strong></span> <span class='ocrx_word' id='word_1_36' title='bbox 197 420 243 464; x_wconf 90' lang='grc' dir='ltr'>τὸ</span> <span class='ocrx_word' id='word_1_37' title='bbox 274 425 389 471; x_wconf 82' lang='grc' dir='ltr'><strong><em>τέλος</em></strong></span> <span class='ocrx_word' id='word_1_38' title='bbox 431 426 501 464; x_wconf 84' lang='grc' dir='ltr'><strong>τοῦ</strong></span> <span class='ocrx_word' id='word_1_39' title='bbox 525 426 784 477; x_wconf 76' lang='grc' dir='ltr'><em>Δεκεμβρίου</em></span> <span class='ocrx_word' id='word_1_40' title='bbox 821 423 951 478; x_wconf 82' lang='grc' dir='ltr'><strong><em>μηνὸς</em></strong></span> <span class='ocrx_word' id='word_1_41' title='bbox 982 426 1057 465; x_wconf 82' lang='grc' dir='ltr'><strong>τοῦ</strong></span> <span class='ocrx_word' id='word_1_42' title='bbox 1088 425 1218 465; x_wconf 73' lang='grc' dir='ltr'><strong><em>αὕτοῦ</em></strong></span> <span class='ocrx_word' id='word_1_43' title='bbox 1244 422 1388 471; x_wconf 83' lang='grc' dir='ltr'><strong><em>ἔτους·</em></strong></span> <span class='ocrx_word' id='word_1_44' title='bbox 1447 423 1519 464; x_wconf 78' lang='grc' dir='ltr'><em>καί</em></span> 
     </span>
    </p>

    <p class='ocr_par' dir='ltr' id='par_1_3' title="bbox 37 485 1520 807">
     <span class='ocr_line' id='line_1_6' title="bbox 37 485 1517 546; baseline 0.002 -19"><span class='ocrx_word' id='word_1_45' title='bbox 37 485 305 543; x_wconf 72' lang='grc' dir='ltr'><strong><em>5καθήμενοι</em></strong></span> <span class='ocrx_word' id='word_1_46' title='bbox 350 485 582 544; x_wconf 74' lang='grc' dir='ltr'><strong><em>ἀμφότεροι</em></strong></span> <span class='ocrx_word' id='word_1_47' title='bbox 612 491 655 531; x_wconf 80' lang='grc' dir='ltr'><strong>ἐν</strong></span> <span class='ocrx_word' id='word_1_48' title='bbox 694 491 753 546; x_wconf 71' lang='grc' dir='ltr'><strong><em>τῷ</em></strong></span> <span class='ocrx_word' id='word_1_49' title='bbox 775 493 910 541; x_wconf 83' lang='grc' dir='ltr'><strong><em>λιμένι</em></strong></span> <span class='ocrx_word' id='word_1_50' title='bbox 938 490 1275 545; x_wconf 73' lang='grc' dir='ltr'><strong><em>ἑκαραδοκοῦμεν</em></strong></span> <span class='ocrx_word' id='word_1_51' title='bbox 1302 490 1517 543; x_wconf 76' lang='grc' dir='ltr'><strong><em>καθορῶν-</em></strong></span> 
     </span>
     <span class='ocr_line' id='line_1_7' title="bbox 71 552 1519 609; baseline -0.001 -14"><span class='ocrx_word' id='word_1_52' title='bbox 71 569 142 603; x_wconf 80' lang='grc' dir='ltr'><strong><em>τες</em></strong></span> <span class='ocrx_word' id='word_1_53' title='bbox 168 552 215 594; x_wconf 84' lang='grc' dir='ltr'><strong><em>τὸ</em></strong></span> <span class='ocrx_word' id='word_1_54' title='bbox 259 554 331 607; x_wconf 75' lang='grc' dir='ltr'><strong><em>τῆς</em></strong></span> <span class='ocrx_word' id='word_1_55' title='bbox 360 553 556 609; x_wconf 74' lang='grc' dir='ltr'><strong><em>τοιαότῆς</em></strong></span> <span class='ocrx_word' id='word_1_56' title='bbox 594 557 816 609; x_wconf 75' lang='grc' dir='ltr'><strong><em>τρικυμίας</em></strong></span> <span class='ocrx_word' id='word_1_57' title='bbox 843 557 984 605; x_wconf 83' lang='grc' dir='ltr'><strong><em>τέλος,</em></strong></span> <span class='ocrx_word' id='word_1_58' title='bbox 1020 558 1061 596; x_wconf 85' lang='grc' dir='ltr'><strong>εἰ</strong></span> <span class='ocrx_word' id='word_1_59' title='bbox 1085 554 1158 596; x_wconf 85' lang='grc' dir='ltr'><em>καί</em></span> <span class='ocrx_word' id='word_1_60' title='bbox 1183 553 1205 597; x_wconf 82' lang='grc' dir='ltr'><strong><em>ὅ</em></strong></span> <span class='ocrx_word' id='word_1_61' title='bbox 1237 555 1336 603; x_wconf 79' lang='grc' dir='ltr'><strong><em>θεὸς</em></strong></span> <span class='ocrx_word' id='word_1_62' title='bbox 1358 569 1519 608; x_wconf 86' lang='grc' dir='ltr'><strong><em>μακρο-</em></strong></span> 
     </span>
     <span class='ocr_line' id='line_1_8' title="bbox 71 617 1519 676; baseline -0.001 -15"><span class='ocrx_word' id='word_1_63' title='bbox 71 618 246 676; x_wconf 68' lang='grc' dir='ltr'><strong><em>θυμήσῃ</em></strong></span> <span class='ocrx_word' id='word_1_64' title='bbox 289 621 359 661; x_wconf 79' lang='grc' dir='ltr'><strong>ἵνα</strong></span> <span class='ocrx_word' id='word_1_65' title='bbox 405 619 442 661; x_wconf 83' lang='grc' dir='ltr'><strong><em>οἱ</em></strong></span> <span class='ocrx_word' id='word_1_66' title='bbox 467 620 666 662; x_wconf 77' lang='grc' dir='ltr'><strong><em>α’σύνετοί</em></strong></span> <span class='ocrx_word' id='word_1_67' title='bbox 703 635 801 662; x_wconf 85' lang='grc' dir='ltr'><strong><em>ποτε</em></strong></span> <span class='ocrx_word' id='word_1_68' title='bbox 829 617 1064 674; x_wconf 85' lang='grc' dir='ltr'><strong><em>συνήσωσιν</em></strong></span> <span class='ocrx_word' id='word_1_69' title='bbox 1090 624 1164 663; x_wconf 83' lang='grc' dir='ltr'>καί</span> <span class='ocrx_word' id='word_1_70' title='bbox 1191 619 1228 662; x_wconf 84' lang='grc' dir='ltr'><strong><em>οἱ</em></strong></span> <span class='ocrx_word' id='word_1_71' title='bbox 1257 621 1400 674; x_wconf 89' lang='grc' dir='ltr'><strong><em>μωροί</em></strong></span> <span class='ocrx_word' id='word_1_72' title='bbox 1423 634 1519 661; x_wconf 82' lang='grc' dir='ltr'><strong><em>ποτε</em></strong></span> 
     </span>
     <span class='ocr_line' id='line_1_9' title="bbox 73 674 1520 741; baseline 0.001 -16"><span class='ocrx_word' id='word_1_73' title='bbox 73 683 328 740; x_wconf 79' lang='grc' dir='ltr'><strong><em>φρονήσωσι,</em></strong></span> <span class='ocrx_word' id='word_1_74' title='bbox 363 674 434 726; x_wconf 71' lang='lat' dir='ltr'><strong>{cai</strong></span> <span class='ocrx_word' id='word_1_75' title='bbox 461 683 634 737; x_wconf 82' lang='grc' dir='ltr'><strong><em>ὁμόνοια</em></strong></span> <span class='ocrx_word' id='word_1_76' title='bbox 681 685 752 727; x_wconf 79' lang='grc' dir='ltr'><strong><em>καί</em></strong></span> <span class='ocrx_word' id='word_1_77' title='bbox 776 684 916 740; x_wconf 79' lang='grc' dir='ltr'><em>εἰρήνη</em></span> <span class='ocrx_word' id='word_1_78' title='bbox 946 685 1173 741; x_wconf 77' lang='grc' dir='ltr'><strong><em>γενήσηται</em></strong></span> <span class='ocrx_word' id='word_1_79' title='bbox 1205 688 1412 739; x_wconf 83' lang='grc' dir='ltr'><strong><em>α’ναμέσον</em></strong></span> <span class='ocrx_word' id='word_1_80' title='bbox 1441 685 1520 727; x_wconf 89' lang='grc' dir='ltr'><strong><em>αυ’-</em></strong></span> 
     </span>
     <span class='ocr_line' id='line_1_10' title="bbox 71 748 1519 807; baseline 0 -15"><span class='ocrx_word' id='word_1_81' title='bbox 71 753 171 803; x_wconf 74' lang='grc' dir='ltr'><strong><em>ταῗν,</em></strong></span> <span class='ocrx_word' id='word_1_82' title='bbox 200 750 272 792; x_wconf 76' lang='grc' dir='ltr'><strong><em>καὶ</em></strong></span> <span class='ocrx_word' id='word_1_83' title='bbox 298 751 376 792; x_wconf 83' lang='grc' dir='ltr'><strong>τοῦ</strong></span> <span class='ocrx_word' id='word_1_84' title='bbox 403 753 507 792; x_wconf 75' lang='grc' dir='ltr'><strong><em>θεοῦ</em></strong></span> <span class='ocrx_word' id='word_1_85' title='bbox 535 751 733 805; x_wconf 74' lang='grc' dir='ltr'><strong><em>δεηθῶσι,</em></strong></span> <span class='ocrx_word' id='word_1_86' title='bbox 762 752 834 792; x_wconf 83' lang='grc' dir='ltr'><em>καί</em></span> <span class='ocrx_word' id='word_1_87' title='bbox 863 748 1014 807; x_wconf 78' lang='grc' dir='ltr'><strong><em>ἐλεήσῃ</em></strong></span> <span class='ocrx_word' id='word_1_88' title='bbox 1033 754 1111 804; x_wconf 79' lang='grc' dir='ltr'><strong>μὲν</strong></span> <span class='ocrx_word' id='word_1_89' title='bbox 1141 751 1297 800; x_wconf 64' lang='grc' dir='ltr'><strong><em>αὐτούς</em></strong></span> <span class='ocrx_word' id='word_1_90' title='bbox 1317 751 1374 800; x_wconf 74' lang='grc' dir='ltr'><strong>ὥς</strong></span> <span class='ocrx_word' id='word_1_91' title='bbox 1403 749 1519 805; x_wconf 82' lang='grc' dir='ltr'><strong><em>ἐλεή-</em></strong></span> 
     </span>
    </p>

    <p class='ocr_par' dir='ltr' id='par_1_4' title="bbox 36 813 1521 1133">
     <span class='ocr_line' id='line_1_11' title="bbox 36 813 1521 873; baseline -0.001 -13"><span class='ocrx_word' id='word_1_92' title='bbox 36 832 164 869; x_wconf 87' lang='grc' dir='ltr'><strong><em>ομων</em></strong></span> <span class='ocrx_word' id='word_1_93' title='bbox 188 813 311 869; x_wconf 77' lang='grc' dir='ltr'><strong><em>θεός,</em></strong></span> <span class='ocrx_word' id='word_1_94' title='bbox 354 815 563 873; x_wconf 80' lang='grc' dir='ltr'><strong><em>προστάξῃ</em></strong></span> <span class='ocrx_word' id='word_1_95' title='bbox 599 818 644 857; x_wconf 83' lang='grc' dir='ltr'><strong>δὲ</strong></span> <span class='ocrx_word' id='word_1_96' title='bbox 683 815 756 858; x_wconf 77' lang='grc' dir='ltr'><strong><em>καί</em></strong></span> <span class='ocrx_word' id='word_1_97' title='bbox 794 814 864 858; x_wconf 83' lang='grc' dir='ltr'><strong>τὸν</strong></span> <span class='ocrx_word' id='word_1_98' title='bbox 903 815 1051 871; x_wconf 88' lang='grc' dir='ltr'><strong><em>δήμιον</em></strong></span> <span class='ocrx_word' id='word_1_99' title='bbox 1090 817 1224 858; x_wconf 80' lang='grc' dir='ltr'><strong><em>αὑτοῦ</em></strong></span> <span class='ocrx_word' id='word_1_100' title='bbox 1252 817 1421 872; x_wconf 80' lang='grc' dir='ltr'><strong><em>οἶμηρᾶν</em></strong></span> <span class='ocrx_word' id='word_1_101' title='bbox 1447 818 1521 858; x_wconf 78' lang='grc' dir='ltr'><strong><em>καί</em></strong></span> 
     </span>
     <span class='ocr_line' id='line_1_12' title="bbox 71 880 1519 938; baseline 0.001 -16"><span class='ocrx_word' id='word_1_102' title='bbox 71 881 174 938; x_wconf 78' lang='grc' dir='ltr'><strong><em>ἐάσῃ</em></strong></span> <span class='ocrx_word' id='word_1_103' title='bbox 215 880 370 931; x_wconf 64' lang='grc' dir='ltr'><strong><em>αὐτούς</em></strong></span> <span class='ocrx_word' id='word_1_104' title='bbox 416 884 540 936; x_wconf 82' lang='grc' dir='ltr'><strong><em>ζῆσαι</em></strong></span> <span class='ocrx_word' id='word_1_105' title='bbox 581 885 751 924; x_wconf 80' lang='grc' dir='ltr'><strong><em>πλείονα</em></strong></span> <span class='ocrx_word' id='word_1_106' title='bbox 786 882 965 937; x_wconf 85' lang='grc' dir='ltr'><strong><em>χρόνον·</em></strong></span> <span class='ocrx_word' id='word_1_107' title='bbox 1031 882 1158 924; x_wconf 85' lang='grc' dir='ltr'><strong><em>’τόπον</em></strong></span> <span class='ocrx_word' id='word_1_108' title='bbox 1199 881 1278 938; x_wconf 76' lang='grc' dir='ltr'><strong><em>γὰρ</em></strong></span> <span class='ocrx_word' id='word_1_109' title='bbox 1307 882 1379 925; x_wconf 84' lang='grc' dir='ltr'><strong><em>καί</em></strong></span> <span class='ocrx_word' id='word_1_110' title='bbox 1403 881 1519 933; x_wconf 83' lang='grc' dir='ltr'><strong><em>τάξιν</em></strong></span> 
     </span>
     <span class='ocr_line' id='line_1_13' title="bbox 70 944 1518 1003; baseline 0.001 -15"><span class='ocrx_word' id='word_1_111' title='bbox 70 944 159 1000; x_wconf 75' lang='grc' dir='ltr'><strong><em>ἔχει</em></strong></span> <span class='ocrx_word' id='word_1_112' title='bbox 184 949 264 989; x_wconf 83' lang='grc' dir='ltr'><strong>καί·</strong></span> <span class='ocrx_word' id='word_1_113' title='bbox 284 946 413 997; x_wconf 68' lang='grc' dir='ltr'><strong><em>αὐτὸς</em></strong></span> <span class='ocrx_word' id='word_1_114' title='bbox 449 947 553 1002; x_wconf 78' lang='grc' dir='ltr'><strong><em>πρός</em></strong></span> <span class='ocrx_word' id='word_1_115' title='bbox 577 947 678 990; x_wconf 77' lang='grc' dir='ltr'><strong><em>θεὸν</em></strong></span> <span class='ocrx_word' id='word_1_116' title='bbox 707 952 798 991; x_wconf 82' lang='grc' dir='ltr'><strong>οῖάν</strong></span> <span class='ocrx_word' id='word_1_117' title='bbox 837 947 876 990; x_wconf 83' lang='grc' dir='ltr'><strong><em>οἱ</em></strong></span> <span class='ocrx_word' id='word_1_118' title='bbox 905 949 1039 990; x_wconf 69' lang='grc' dir='ltr'><strong><em>αὐτοῦ</em></strong></span> <span class='ocrx_word' id='word_1_119' title='bbox 1068 948 1211 1003; x_wconf 88' lang='grc' dir='ltr'><strong><em>δήμιοι</em></strong></span> <span class='ocrx_word' id='word_1_120' title='bbox 1241 947 1346 1003; x_wconf 79' lang='grc' dir='ltr'><strong><em>πρὸς</em></strong></span> <span class='ocrx_word' id='word_1_121' title='bbox 1375 946 1518 1001; x_wconf 78' lang='grc' dir='ltr'><strong><em>αὖτόν,</em></strong></span> 
     </span>
     <span class='ocr_line' id='line_1_14' title="bbox 70 1012 1519 1070; baseline 0.001 -17"><span class='ocrx_word' id='word_1_122' title='bbox 70 1013 217 1061; x_wconf 79' lang='grc' dir='ltr'><strong><em>οἵτινες</em></strong></span> <span class='ocrx_word' id='word_1_123' title='bbox 246 1015 451 1068; x_wconf 76' lang='grc' dir='ltr'><strong><em>πληροῦσι</em></strong></span> <span class='ocrx_word' id='word_1_124' title='bbox 475 1016 554 1066; x_wconf 81' lang='grc' dir='ltr'><strong>μὲν</strong></span> <span class='ocrx_word' id='word_1_125' title='bbox 580 1012 631 1056; x_wconf 75' lang='grc' dir='ltr'><strong>τοὶ</strong></span> <span class='ocrx_word' id='word_1_126' title='bbox 662 1015 964 1070; x_wconf 75' lang='grc' dir='ltr'><strong><em>προστάγματα</em></strong></span> <span class='ocrx_word' id='word_1_127' title='bbox 987 1015 1137 1069; x_wconf 70' lang='grc' dir='ltr'><strong><em>αὐτοῦ,</em></strong></span> <span class='ocrx_word' id='word_1_128' title='bbox 1167 1014 1251 1056; x_wconf 75' lang='grc' dir='ltr'><strong>εἰσί</strong></span> <span class='ocrx_word' id='word_1_129' title='bbox 1277 1015 1324 1057; x_wconf 78' lang='grc' dir='ltr'><strong>δὲ</strong></span> <span class='ocrx_word' id='word_1_130' title='bbox 1352 1016 1424 1057; x_wconf 86' lang='grc' dir='ltr'>καί</span> <span class='ocrx_word' id='word_1_131' title='bbox 1445 1030 1519 1068; x_wconf 81' lang='grc' dir='ltr'><strong>μι-</strong></span> 
     </span>
     <span class='ocr_line' id='line_1_15' title="bbox 70 1078 607 1133; baseline 0.002 -13"><span class='ocrx_word' id='word_1_132' title='bbox 70 1080 194 1132; x_wconf 65' lang='lat' dir='ltr'><strong>ermol</strong></span> <span class='ocrx_word' id='word_1_133' title='bbox 217 1080 289 1120; x_wconf 82' lang='grc' dir='ltr'>καί</span> <span class='ocrx_word' id='word_1_134' title='bbox 319 1078 607 1133; x_wconf 73' lang='grc' dir='ltr'><strong><em>ἅποτρόπαιοι.</em></strong></span> 
     </span>
    </p>

    <p class='ocr_par' dir='ltr' id='par_1_5' title="bbox 35 1142 1519 1465">
     <span class='ocr_line' id='line_1_16' title="bbox 35 1142 1517 1201; baseline 0.001 -15"><span class='ocrx_word' id='word_1_135' title='bbox 35 1146 60 1189; x_wconf 85' lang='grc'><em>5</em></span> <span class='ocrx_word' id='word_1_136' title='bbox 182 1146 273 1186; x_wconf 75' lang='grc' dir='ltr'><strong><em>Καὶ</em></strong></span> <span class='ocrx_word' id='word_1_137' title='bbox 297 1142 452 1186; x_wconf 82' lang='grc' dir='ltr'><strong><em>τούτων</em></strong></span> <span class='ocrx_word' id='word_1_138' title='bbox 480 1144 530 1199; x_wconf 80' lang='grc' dir='ltr'><strong>δή</strong></span> <span class='ocrx_word' id='word_1_139' title='bbox 562 1148 643 1187; x_wconf 74' lang='grc' dir='ltr'><strong>τῶν</strong></span> <span class='ocrx_word' id='word_1_140' title='bbox 671 1149 996 1200; x_wconf 76' lang='grc' dir='ltr'><strong><em>προρρηθέντων</em></strong></span> <span class='ocrx_word' id='word_1_141' title='bbox 1024 1149 1161 1188; x_wconf 76' lang='grc' dir='ltr'><strong><em>κακῶν</em></strong></span> <span class='ocrx_word' id='word_1_142' title='bbox 1188 1145 1294 1188; x_wconf 74' lang='grc' dir='ltr'><strong><em>κατὰ</em></strong></span> <span class='ocrx_word' id='word_1_143' title='bbox 1325 1149 1400 1201; x_wconf 81' lang='grc' dir='ltr'><strong><em>τῆς</em></strong></span> <span class='ocrx_word' id='word_1_144' title='bbox 1425 1150 1517 1188; x_wconf 79' lang='grc' dir='ltr'><strong><em>,Πε-</em></strong></span> 
     </span>
     <span class='ocr_line' id='line_1_17' title="bbox 75 1209 1519 1266; baseline 0.002 -15"><span class='ocrx_word' id='word_1_145' title='bbox 75 1209 328 1264; x_wconf 84' lang='grc' dir='ltr'><strong><em>λοποννήσου</em></strong></span> <span class='ocrx_word' id='word_1_146' title='bbox 363 1213 666 1265; x_wconf 87' lang='grc' dir='ltr'><strong><em>περισσοτέρως</em></strong></span> <span class='ocrx_word' id='word_1_147' title='bbox 714 1211 865 1260; x_wconf 76' lang='grc' dir='ltr'><strong><em>παντὸς</em></strong></span> <span class='ocrx_word' id='word_1_148' title='bbox 910 1212 1063 1254; x_wconf 70' lang='grc' dir='ltr'><strong><em>ἀθλίου</em></strong></span> <span class='ocrx_word' id='word_1_149' title='bbox 1099 1210 1227 1254; x_wconf 84' lang='grc' dir='ltr'><strong><em>τόπου</em></strong></span> <span class='ocrx_word' id='word_1_150' title='bbox 1268 1214 1519 1266; x_wconf 82' lang='grc' dir='ltr'><strong><em>γενομένων,</em></strong></span> 
     </span>
     <span class='ocr_line' id='line_1_18' title="bbox 69 1274 1513 1333; baseline 0.002 -16"><span class='ocrx_word' id='word_1_151' title='bbox 69 1274 264 1326; x_wconf 68' lang='grc' dir='ltr'><strong><em>ἐλθόντος</em></strong></span> <span class='ocrx_word' id='word_1_152' title='bbox 293 1278 340 1317; x_wconf 81' lang='grc' dir='ltr'><strong>δὲ</strong></span> <span class='ocrx_word' id='word_1_153' title='bbox 367 1278 439 1318; x_wconf 84' lang='grc' dir='ltr'>καί</span> <span class='ocrx_word' id='word_1_154' title='bbox 464 1279 620 1331; x_wconf 86' lang='grc' dir='ltr'><strong><em>μέρους</em></strong></span> <span class='ocrx_word' id='word_1_155' title='bbox 652 1278 735 1319; x_wconf 76' lang='grc' dir='ltr'><strong>τῶν</strong></span> <span class='ocrx_word' id='word_1_156' title='bbox 759 1279 956 1332; x_wconf 76' lang='grc' dir='ltr'><strong><em>Τούρκων</em></strong></span> <span class='ocrx_word' id='word_1_157' title='bbox 983 1281 1164 1333; x_wconf 87' lang='grc' dir='ltr'><strong><em>στρατοῦ</em></strong></span> <span class='ocrx_word' id='word_1_158' title='bbox 1192 1277 1363 1329; x_wconf 73' lang='grc' dir='ltr'><strong><em>ἔξωθεν,</em></strong></span> <span class='ocrx_word' id='word_1_159' title='bbox 1394 1281 1513 1320; x_wconf 79' lang='grc' dir='ltr'><strong><em>κατέ·</em></strong></span> 
     </span>
     <span class='ocr_line' id='line_1_19' title="bbox 71 1339 1517 1398; baseline 0.003 -16"><span class='ocrx_word' id='word_1_160' title='bbox 71 1342 231 1395; x_wconf 88' lang='grc' dir='ltr'><strong><em>δραμον</em></strong></span> <span class='ocrx_word' id='word_1_161' title='bbox 257 1340 328 1383; x_wconf 79' lang='grc' dir='ltr'><strong>τόν</strong></span> <span class='ocrx_word' id='word_1_162' title='bbox 357 1342 484 1384; x_wconf 86' lang='grc' dir='ltr'><strong><em>τόπον</em></strong></span> <span class='ocrx_word' id='word_1_163' title='bbox 509 1339 689 1398; x_wconf 75' lang='grc' dir='ltr'><strong><em>ἅπαντα,</em></strong></span> <span class='ocrx_word' id='word_1_164' title='bbox 720 1343 792 1384; x_wconf 86' lang='grc' dir='ltr'><strong><em>καί</em></strong></span> <span class='ocrx_word' id='word_1_165' title='bbox 830 1346 898 1385; x_wconf 79' lang='grc' dir='ltr'><strong>ἵνα</strong></span> <span class='ocrx_word' id='word_1_166' title='bbox 927 1340 1034 1396; x_wconf 76' lang='grc' dir='ltr'><strong><em>ἅπερ</em></strong></span> <span class='ocrx_word' id='word_1_167' title='bbox 1064 1342 1171 1386; x_wconf 80' lang='grc' dir='ltr'><strong><em>κακὰ</em></strong></span> <span class='ocrx_word' id='word_1_168' title='bbox 1198 1347 1449 1398; x_wconf 85' lang='grc' dir='ltr'><strong><em>παρέλειπον</em></strong></span> <span class='ocrx_word' id='word_1_169' title='bbox 1478 1344 1517 1386; x_wconf 82' lang='grc' dir='ltr'><strong><em>οἱ</em></strong></span> 
     </span>
     <span class='ocr_line' id='line_1_20' title="bbox 69 1404 1519 1465; baseline 0.004 -18"><span class='ocrx_word' id='word_1_170' title='bbox 69 1404 279 1461; x_wconf 81' lang='grc' dir='ltr'><strong><em>οἰκήτορες</em></strong></span> <span class='ocrx_word' id='word_1_171' title='bbox 309 1410 380 1449; x_wconf 85' lang='grc' dir='ltr'><em>καί</em></span> <span class='ocrx_word' id='word_1_172' title='bbox 408 1407 548 1461; x_wconf 78' lang='grc' dir='ltr'><strong><em>κύριοι</em></strong></span> <span class='ocrx_word' id='word_1_173' title='bbox 576 1411 650 1450; x_wconf 81' lang='grc' dir='ltr'><em>καί</em></span> <span class='ocrx_word' id='word_1_174' title='bbox 676 1411 880 1451; x_wconf 65' lang='grc' dir='ltr'><strong><em>αὐθένται</em></strong></span> <span class='ocrx_word' id='word_1_175' title='bbox 910 1410 983 1451; x_wconf 85' lang='grc' dir='ltr'><strong><em>καί</em></strong></span> <span class='ocrx_word' id='word_1_176' title='bbox 1008 1407 1221 1465; x_wconf 71' lang='grc' dir='ltr'><strong><em>ἄρχοντες,</em></strong></span> <span class='ocrx_word' id='word_1_177' title='bbox 1250 1413 1302 1451; x_wconf 82' lang='grc' dir='ltr'><strong><em>ου’</em></strong></span> <span class='ocrx_word' id='word_1_178' title='bbox 1320 1413 1519 1465; x_wconf 81' lang='grc' dir='ltr'><strong><em>προαιρέ-</em></strong></span> 
     </span>
    </p>

    <p class='ocr_par' dir='ltr' id='par_1_6' title="bbox 32 1473 1519 1665">
     <span class='ocr_line' id='line_1_21' title="bbox 32 1473 1519 1531; baseline -0.001 -15"><span class='ocrx_word' id='word_1_179' title='bbox 32 1489 138 1517; x_wconf 86' lang='grc' dir='ltr'><strong><em>οσει</em></strong></span> <span class='ocrx_word' id='word_1_180' title='bbox 164 1473 252 1514; x_wconf 66' lang='grc' dir='ltr'><strong>ἀλλ’</strong></span> <span class='ocrx_word' id='word_1_181' title='bbox 290 1474 463 1531; x_wconf 74' lang='grc' dir='ltr'><strong><em>ἀνδρίᾳ,</em></strong></span> <span class='ocrx_word' id='word_1_182' title='bbox 498 1473 711 1529; x_wconf 80' lang='grc' dir='ltr'><strong><em>πράξωσιν</em></strong></span> <span class='ocrx_word' id='word_1_183' title='bbox 738 1477 885 1529; x_wconf 72' lang='grc' dir='ltr'><strong><em>αὕτοί,</em></strong></span> <span class='ocrx_word' id='word_1_184' title='bbox 913 1475 984 1518; x_wconf 87' lang='grc' dir='ltr'>καί</span> <span class='ocrx_word' id='word_1_185' title='bbox 1011 1478 1087 1517; x_wconf 80' lang='grc' dir='ltr'><strong>τοῦ</strong></span> <span class='ocrx_word' id='word_1_186' title='bbox 1111 1478 1188 1528; x_wconf 85' lang='grc' dir='ltr'><strong>μὲν</strong></span> <span class='ocrx_word' id='word_1_187' title='bbox 1215 1473 1309 1524; x_wconf 72' lang='grc' dir='ltr'><strong><em>ἑνὸς</em></strong></span> <span class='ocrx_word' id='word_1_188' title='bbox 1337 1477 1420 1518; x_wconf 77' lang='grc' dir='ltr'><strong>τῶν</strong></span> <span class='ocrx_word' id='word_1_189' title='bbox 1449 1479 1519 1517; x_wconf 81' lang='grc' dir='ltr'><strong>δε-</strong></span> 
     </span>
     <span class='ocr_line' id='line_1_22' title="bbox 70 1536 1519 1597; baseline 0.001 -16"><span class='ocrx_word' id='word_1_190' title='bbox 70 1541 232 1582; x_wconf 81' lang='grc' dir='ltr'><strong><em>σποτῶν</em></strong></span> <span class='ocrx_word' id='word_1_191' title='bbox 261 1542 412 1596; x_wconf 71' lang='grc' dir='ltr'><strong><em>ἐχθροί</em></strong></span> <span class='ocrx_word' id='word_1_192' title='bbox 439 1537 576 1593; x_wconf 81' lang='grc' dir='ltr'><strong><em>ὄντες,</em></strong></span> <span class='ocrx_word' id='word_1_193' title='bbox 605 1543 681 1582; x_wconf 84' lang='grc' dir='ltr'><strong>τοῦ</strong></span> <span class='ocrx_word' id='word_1_194' title='bbox 725 1543 763 1583; x_wconf 84' lang='grc' dir='ltr'><strong>δ’</strong></span> <span class='ocrx_word' id='word_1_195' title='bbox 794 1536 922 1583; x_wconf 72' lang='grc' dir='ltr'><strong><em>ἄλλον</em></strong></span> <span class='ocrx_word' id='word_1_196' title='bbox 953 1541 1063 1595; x_wconf 83' lang='grc' dir='ltr'><strong><em>τάχα</em></strong></span> <span class='ocrx_word' id='word_1_197' title='bbox 1093 1544 1208 1597; x_wconf 83' lang='grc' dir='ltr'><strong><em>φίλοι</em></strong></span> <span class='ocrx_word' id='word_1_198' title='bbox 1226 1559 1235 1568; x_wconf 90' lang='grc'><em>·</em></span> <span class='ocrx_word' id='word_1_199' title='bbox 1292 1541 1340 1584; x_wconf 81' lang='grc' dir='ltr'><strong>ὃν</strong></span> <span class='ocrx_word' id='word_1_200' title='bbox 1365 1541 1418 1596; x_wconf 82' lang='grc' dir='ltr'><strong>δή</strong></span> <span class='ocrx_word' id='word_1_201' title='bbox 1451 1544 1519 1583; x_wconf 84' lang='grc' dir='ltr'><strong>δε-</strong></span> 
     </span>
     <span class='ocr_line' id='line_1_23' title="bbox 70 1604 1516 1665; baseline 0.001 -18"><span class='ocrx_word' id='word_1_202' title='bbox 70 1604 246 1662; x_wconf 77' lang='grc' dir='ltr'><strong><em>σπότην,</em></strong></span> <span class='ocrx_word' id='word_1_203' title='bbox 276 1606 350 1648; x_wconf 83' lang='grc' dir='ltr'><strong>τόν</strong></span> <span class='ocrx_word' id='word_1_204' title='bbox 389 1608 461 1649; x_wconf 83' lang='grc' dir='ltr'><strong><em>καί</em></strong></span> <span class='ocrx_word' id='word_1_205' title='bbox 489 1606 647 1662; x_wconf 73' lang='grc' dir='ltr'><strong><em>ἐχθρὸν</em></strong></span> <span class='ocrx_word' id='word_1_206' title='bbox 675 1607 814 1650; x_wconf 69' lang='grc' dir='ltr'><strong><em>αὐτῶν</em></strong></span> <span class='ocrx_word' id='word_1_207' title='bbox 856 1605 933 1663; x_wconf 80' lang='grc' dir='ltr'><strong><em>κύρ</em></strong></span> <span class='ocrx_word' id='word_1_208' title='bbox 967 1609 1143 1662; x_wconf 81' lang='grc' dir='ltr'><strong><em>Θωμᾶν,</em></strong></span> <span class='ocrx_word' id='word_1_209' title='bbox 1172 1609 1232 1658; x_wconf 84' lang='grc' dir='ltr'><strong>εἰς</strong></span> <span class='ocrx_word' id='word_1_210' title='bbox 1261 1607 1314 1650; x_wconf 75' lang='grc' dir='ltr'><strong>τα</strong></span> <span class='ocrx_word' id='word_1_211' title='bbox 1347 1608 1447 1665; x_wconf 69' lang='grc' dir='ltr'><strong><em>περὶ</em></strong></span> <span class='ocrx_word' id='word_1_212' title='bbox 1471 1607 1516 1652; x_wconf 78' lang='grc' dir='ltr'><strong><em>τὸ</em></strong></span> 
     </span>
    </p>
   </div>
   <div class='ocr_carea' id='block_1_3' title="bbox 163 1758 808 1795">
    <p class='ocr_par' dir='ltr' id='par_1_7' title="bbox 163 1758 808 1795">
     <span class='ocr_line' id='line_1_24' title="bbox 163 1758 808 1795; baseline -0.005 -1"><span class='ocrx_word' id='word_1_213' title='bbox 163 1759 197 1794; x_wconf 89' lang='grc'><strong>6.</strong></span> <span class='ocrx_word' id='word_1_214' title='bbox 224 1759 287 1792; x_wconf 82' lang='grc' dir='ltr'><strong><em>καὶ</em></strong></span> <span class='ocrx_word' id='word_1_215' title='bbox 311 1759 344 1793; x_wconf 81' lang='grc' dir='ltr'><strong>εἰ</strong></span> <span class='ocrx_word' id='word_1_216' title='bbox 368 1759 391 1792; x_wconf 85' lang='grc' dir='ltr'><em>Ρ</em></span> <span class='ocrx_word' id='word_1_217' title='bbox 514 1760 565 1794; x_wconf 82' lang='lat'><strong>18.</strong></span> <span class='ocrx_word' id='word_1_218' title='bbox 594 1758 758 1795; x_wconf 80' lang='grc' dir='ltr'><strong><em>διέλιπον</em></strong></span> <span class='ocrx_word' id='word_1_219' title='bbox 782 1758 808 1791; x_wconf 90' lang='grc' dir='ltr'>Ρ</span> 
     </span>
    </p>
   </div>
   <div class='ocr_carea' id='block_1_4' title="bbox 62 1898 1519 2744">
    <p class='ocr_par' dir='ltr' id='par_1_8' title="bbox 63 1898 1519 2409">
     <span class='ocr_line' id='line_1_25' title="bbox 66 1898 1517 1944; baseline 0.001 -12"><span class='ocrx_word' id='word_1_220' title='bbox 66 1901 129 1939; x_wconf 68' lang='lat' dir='ltr'><strong>titi,</strong></span> <span class='ocrx_word' id='word_1_221' title='bbox 155 1898 287 1943; x_wconf 82' lang='lat' dir='ltr'><strong>peritia</strong></span> <span class='ocrx_word' id='word_1_222' title='bbox 314 1902 350 1932; x_wconf 81' lang='lat' dir='ltr'><strong>et</strong></span> <span class='ocrx_word' id='word_1_223' title='bbox 385 1909 514 1942; x_wconf 72' lang='lat' dir='ltr'><strong>genere</strong></span> <span class='ocrx_word' id='word_1_224' title='bbox 548 1899 699 1933; x_wconf 85' lang='lat' dir='ltr'><strong>eximius</strong></span> <span class='ocrx_word' id='word_1_225' title='bbox 725 1900 780 1934; x_wconf 83' lang='lat' dir='ltr'><strong>vir</strong></span> <span class='ocrx_word' id='word_1_226' title='bbox 803 1899 976 1944; x_wconf 77' lang='lat' dir='ltr'>Georgius</span> <span class='ocrx_word' id='word_1_227' title='bbox 1000 1899 1100 1941; x_wconf 83' lang='lat' dir='ltr'><strong>Raul,</strong></span> <span class='ocrx_word' id='word_1_228' title='bbox 1128 1899 1324 1933; x_wconf 79' lang='lat' dir='ltr'><strong>avunculus</strong></span> <span class='ocrx_word' id='word_1_229' title='bbox 1353 1900 1443 1941; x_wconf 88' lang='lat' dir='ltr'><strong>eius,</strong></span> <span class='ocrx_word' id='word_1_230' title='bbox 1472 1900 1517 1934; x_wconf 87' lang='lat' dir='ltr'><strong>de</strong></span> 
     </span>
     <span class='ocr_line' id='line_1_26' title="bbox 67 1945 1519 1993; baseline 0.001 -16"><span class='ocrx_word' id='word_1_231' title='bbox 67 1956 140 1990; x_wconf 85' lang='lat' dir='ltr'><strong>quo</strong></span> <span class='ocrx_word' id='word_1_232' title='bbox 165 1945 251 1986; x_wconf 78' lang='lat' dir='ltr'><strong>dixi,</strong></span> <span class='ocrx_word' id='word_1_233' title='bbox 280 1946 630 1987; x_wconf 79' lang='lat' dir='ltr'><strong>NicolaiMelisseni‚</strong></span> <span class='ocrx_word' id='word_1_234' title='bbox 657 1948 719 1992; x_wconf 90' lang='lat' dir='ltr'><strong>qui</strong></span> <span class='ocrx_word' id='word_1_235' title='bbox 743 1958 853 1992; x_wconf 77' lang='lat' dir='ltr'><strong>gener</strong></span> <span class='ocrx_word' id='word_1_236' title='bbox 877 1959 976 1980; x_wconf 87' lang='lat' dir='ltr'><strong>meus</strong></span> <span class='ocrx_word' id='word_1_237' title='bbox 1003 1947 1142 1980; x_wconf 83' lang='lat' dir='ltr'><strong>futurus</strong></span> <span class='ocrx_word' id='word_1_238' title='bbox 1167 1953 1254 1987; x_wconf 84' lang='lat' dir='ltr'><strong>erat,</strong></span> <span class='ocrx_word' id='word_1_239' title='bbox 1280 1947 1403 1980; x_wconf 82' lang='lat' dir='ltr'><strong>relicta</strong></span> <span class='ocrx_word' id='word_1_240' title='bbox 1430 1959 1519 1993; x_wconf 86' lang='lat' dir='ltr'><strong>pro-</strong></span> 
     </span>
     <span class='ocr_line' id='line_1_27' title="bbox 66 1993 1517 2035; baseline 0.001 -10"><span class='ocrx_word' id='word_1_241' title='bbox 66 1993 181 2026; x_wconf 83' lang='lat' dir='ltr'><strong>vincia</strong></span> <span class='ocrx_word' id='word_1_242' title='bbox 206 2003 284 2025; x_wconf 84' lang='lat' dir='ltr'><strong>cum</strong></span> <span class='ocrx_word' id='word_1_243' title='bbox 308 1993 413 2026; x_wconf 85' lang='lat' dir='ltr'><strong>bonis</strong></span> <span class='ocrx_word' id='word_1_244' title='bbox 439 1998 476 2026; x_wconf 88' lang='lat' dir='ltr'><strong>et</strong></span> <span class='ocrx_word' id='word_1_245' title='bbox 499 1994 730 2027; x_wconf 78' lang='lat' dir='ltr'><strong>facultatibus</strong></span> <span class='ocrx_word' id='word_1_246' title='bbox 777 1994 966 2035; x_wconf 84' lang='lat' dir='ltr'><strong>omnibus,</strong></span> <span class='ocrx_word' id='word_1_247' title='bbox 992 1994 1120 2027; x_wconf 86' lang='lat' dir='ltr'><strong>eodem</strong></span> <span class='ocrx_word' id='word_1_248' title='bbox 1145 2005 1285 2026; x_wconf 86' lang='lat' dir='ltr'><strong>mecum</strong></span> <span class='ocrx_word' id='word_1_249' title='bbox 1314 1995 1425 2034; x_wconf 88' lang='lat' dir='ltr'><strong>venit,</strong></span> <span class='ocrx_word' id='word_1_250' title='bbox 1452 2006 1517 2027; x_wconf 76' lang='lat' dir='ltr'><strong>ex-</strong></span> 
     </span>
     <span class='ocr_line' id='line_1_28' title="bbox 66 2039 1518 2086; baseline 0.001 -14"><span class='ocrx_word' id='word_1_251' title='bbox 66 2044 181 2072; x_wconf 88' lang='lat' dir='ltr'><strong>tremo</strong></span> <span class='ocrx_word' id='word_1_252' title='bbox 199 2039 387 2073; x_wconf 88' lang='lat' dir='ltr'><strong>Decembri</strong></span> <span class='ocrx_word' id='word_1_253' title='bbox 413 2040 497 2072; x_wconf 79' lang='lat' dir='ltr'><strong>anni</strong></span> <span class='ocrx_word' id='word_1_254' title='bbox 522 2041 699 2083; x_wconf 75' lang='lat' dir='ltr'><strong>eiusdem3</strong></span> <span class='ocrx_word' id='word_1_255' title='bbox 725 2041 962 2086; x_wconf 82' lang='lat' dir='ltr'><strong>sedentesque</strong></span> <span class='ocrx_word' id='word_1_256' title='bbox 989 2041 1094 2074; x_wconf 83' lang='lat' dir='ltr'><strong>ambo</strong></span> <span class='ocrx_word' id='word_1_257' title='bbox 1120 2041 1158 2074; x_wconf 91' lang='lat' dir='ltr'><strong>in</strong></span> <span class='ocrx_word' id='word_1_258' title='bbox 1182 2046 1302 2085; x_wconf 86' lang='lat' dir='ltr'><strong>portu,</strong></span> <span class='ocrx_word' id='word_1_259' title='bbox 1335 2046 1518 2074; x_wconf 80' lang='lat' dir='ltr'><strong>tantorum</strong></span> 
     </span>
     <span class='ocr_line' id='line_1_29' title="bbox 64 2085 1516 2133; baseline -0.001 -13"><span class='ocrx_word' id='word_1_260' title='bbox 64 2085 236 2120; x_wconf 84' lang='lat' dir='ltr'><strong>fluctuum</strong></span> <span class='ocrx_word' id='word_1_261' title='bbox 259 2086 366 2120; x_wconf 83' lang='lat' dir='ltr'><strong>finem</strong></span> <span class='ocrx_word' id='word_1_262' title='bbox 402 2088 697 2132; x_wconf 77' lang='lat' dir='ltr'><strong>opperiebamur,</strong></span> <span class='ocrx_word' id='word_1_263' title='bbox 726 2088 756 2121; x_wconf 90' lang='lat' dir='ltr'><strong>si</strong></span> <span class='ocrx_word' id='word_1_264' title='bbox 781 2088 872 2122; x_wconf 85' lang='lat' dir='ltr'><strong>forte</strong></span> <span class='ocrx_word' id='word_1_265' title='bbox 897 2088 984 2122; x_wconf 86' lang='lat' dir='ltr'><strong>deus</strong></span> <span class='ocrx_word' id='word_1_266' title='bbox 1009 2100 1072 2133; x_wconf 89' lang='lat' dir='ltr'><strong>pro</strong></span> <span class='ocrx_word' id='word_1_267' title='bbox 1098 2088 1275 2133; x_wconf 85' lang='lat' dir='ltr'><strong>patientia</strong></span> <span class='ocrx_word' id='word_1_268' title='bbox 1300 2099 1363 2119; x_wconf 85' lang='lat' dir='ltr'><strong>sua</strong></span> <span class='ocrx_word' id='word_1_269' title='bbox 1389 2099 1516 2132; x_wconf 82' lang='lat' dir='ltr'><strong>exspe-</strong></span> 
     </span>
     <span class='ocr_line' id='line_1_30' title="bbox 66 2134 1518 2180; baseline 0.001 -14"><span class='ocrx_word' id='word_1_270' title='bbox 66 2138 224 2167; x_wconf 85' lang='lat' dir='ltr'><strong>ctaturus</strong></span> <span class='ocrx_word' id='word_1_271' title='bbox 253 2140 369 2174; x_wconf 82' lang='lat' dir='ltr'><strong>esset,</strong></span> <span class='ocrx_word' id='word_1_272' title='bbox 405 2134 490 2167; x_wconf 86' lang='lat' dir='ltr'><strong>dum</strong></span> <span class='ocrx_word' id='word_1_273' title='bbox 525 2135 740 2180; x_wconf 80' lang='lat' dir='ltr'><strong>insipientes</strong></span> <span class='ocrx_word' id='word_1_274' title='bbox 778 2141 955 2180; x_wconf 84' lang='lat' dir='ltr'><strong>saperent,</strong></span> <span class='ocrx_word' id='word_1_275' title='bbox 983 2135 1086 2168; x_wconf 83' lang='lat' dir='ltr'><strong>stulti</strong></span> <span class='ocrx_word' id='word_1_276' title='bbox 1112 2134 1158 2168; x_wconf 83' lang='lat' dir='ltr'><strong>ad</strong></span> <span class='ocrx_word' id='word_1_277' title='bbox 1183 2135 1373 2167; x_wconf 80' lang='lat' dir='ltr'><strong>sanitatem</strong></span> <span class='ocrx_word' id='word_1_278' title='bbox 1399 2145 1518 2168; x_wconf 88' lang='lat' dir='ltr'><strong>rever-</strong></span> 
     </span>
     <span class='ocr_line' id='line_1_31' title="bbox 64 2182 1516 2227; baseline 0 -14"><span class='ocrx_word' id='word_1_279' title='bbox 64 2185 239 2220; x_wconf 87' lang='lat' dir='ltr'><strong>terentur,</strong></span> <span class='ocrx_word' id='word_1_280' title='bbox 263 2191 386 2225; x_wconf 82' lang='lat' dir='ltr'><strong>pacem</strong></span> <span class='ocrx_word' id='word_1_281' title='bbox 411 2182 713 2227; x_wconf 88' lang='lat' dir='ltr'><strong>concordiamque</strong></span> <span class='ocrx_word' id='word_1_282' title='bbox 739 2182 900 2216; x_wconf 83' lang='lat' dir='ltr'><strong>colerent</strong></span> <span class='ocrx_word' id='word_1_283' title='bbox 925 2188 962 2216; x_wconf 84' lang='lat' dir='ltr'><strong>et</strong></span> <span class='ocrx_word' id='word_1_284' title='bbox 989 2182 1096 2215; x_wconf 87' lang='lat' dir='ltr'><strong>deum</strong></span> <span class='ocrx_word' id='word_1_285' title='bbox 1126 2187 1382 2226; x_wconf 81' lang='lat' dir='ltr'><strong>precarentur,</strong></span> <span class='ocrx_word' id='word_1_286' title='bbox 1408 2187 1516 2226; x_wconf 82' lang='lat' dir='ltr'><strong>atque</strong></span> 
     </span>
     <span class='ocr_line' id='line_1_32' title="bbox 65 2227 1515 2274; baseline 0.001 -15"><span class='ocrx_word' id='word_1_287' title='bbox 65 2227 332 2260; x_wconf 68' lang='lat' dir='ltr'><strong>commiseratus</strong></span> <span class='ocrx_word' id='word_1_288' title='bbox 358 2237 417 2261; x_wconf 86' lang='lat' dir='ltr'><strong>eos</strong></span> <span class='ocrx_word' id='word_1_289' title='bbox 444 2239 507 2273; x_wconf 86' lang='lat' dir='ltr'><strong>pro</strong></span> <span class='ocrx_word' id='word_1_290' title='bbox 539 2228 782 2262; x_wconf 84' lang='lat' dir='ltr'><strong>misericordia</strong></span> <span class='ocrx_word' id='word_1_291' title='bbox 808 2241 873 2262; x_wconf 83' lang='lat' dir='ltr'><strong>sua</strong></span> <span class='ocrx_word' id='word_1_292' title='bbox 899 2229 988 2262; x_wconf 84' lang='lat' dir='ltr'><strong>deus</strong></span> <span class='ocrx_word' id='word_1_293' title='bbox 1014 2230 1250 2274; x_wconf 79' lang='lat' dir='ltr'><strong>imperaturus</strong></span> <span class='ocrx_word' id='word_1_294' title='bbox 1277 2234 1372 2261; x_wconf 80' lang='lat' dir='ltr'><strong>esset</strong></span> <span class='ocrx_word' id='word_1_295' title='bbox 1397 2229 1515 2261; x_wconf 82' lang='lat' dir='ltr'><strong>carni-</strong></span> 
     </span>
     <span class='ocr_line' id='line_1_33' title="bbox 65 2273 1515 2320; baseline 0.001 -14"><span class='ocrx_word' id='word_1_296' title='bbox 65 2273 122 2307; x_wconf 81' lang='lat' dir='ltr'><strong>fici</strong></span> <span class='ocrx_word' id='word_1_297' title='bbox 145 2285 209 2307; x_wconf 83' lang='lat' dir='ltr'><strong>suo</strong></span> <span class='ocrx_word' id='word_1_298' title='bbox 236 2284 399 2315; x_wconf 78' lang='lat' dir='ltr'><strong>amerae,</strong></span> <span class='ocrx_word' id='word_1_299' title='bbox 440 2280 481 2308; x_wconf 91' lang='lat' dir='ltr'><strong>ut</strong></span> <span class='ocrx_word' id='word_1_300' title='bbox 507 2286 567 2308; x_wconf 85' lang='lat' dir='ltr'><strong>eos</strong></span> <span class='ocrx_word' id='word_1_301' title='bbox 602 2275 739 2309; x_wconf 86' lang='lat' dir='ltr'><strong>diutius</strong></span> <span class='ocrx_word' id='word_1_302' title='bbox 778 2277 910 2320; x_wconf 82' lang='lat' dir='ltr'><strong>spirare</strong></span> <span class='ocrx_word' id='word_1_303' title='bbox 945 2282 1139 2320; x_wconf 85' lang='lat' dir='ltr'><strong>pateretur.</strong></span> <span class='ocrx_word' id='word_1_304' title='bbox 1189 2275 1248 2308; x_wconf 87' lang='lat' dir='ltr'><strong>hic</strong></span> <span class='ocrx_word' id='word_1_305' title='bbox 1277 2275 1370 2308; x_wconf 86' lang='lat' dir='ltr'><strong>enim</strong></span> <span class='ocrx_word' id='word_1_306' title='bbox 1398 2275 1515 2308; x_wconf 87' lang='lat' dir='ltr'><strong>locum</strong></span> 
     </span>
     <span class='ocr_line' id='line_1_34' title="bbox 64 2319 1514 2368; baseline 0.001 -15"><span class='ocrx_word' id='word_1_307' title='bbox 64 2326 103 2354; x_wconf 83' lang='lat' dir='ltr'><strong>et</strong></span> <span class='ocrx_word' id='word_1_308' title='bbox 125 2319 286 2354; x_wconf 82' lang='lat' dir='ltr'><strong>ordinem</strong></span> <span class='ocrx_word' id='word_1_309' title='bbox 311 2321 405 2365; x_wconf 88' lang='lat' dir='ltr'><strong>apud</strong></span> <span class='ocrx_word' id='word_1_310' title='bbox 430 2321 536 2355; x_wconf 84' lang='lat' dir='ltr'><strong>deum</strong></span> <span class='ocrx_word' id='word_1_311' title='bbox 562 2329 672 2365; x_wconf 76' lang='lat' dir='ltr'><strong>tenet,</strong></span> <span class='ocrx_word' id='word_1_312' title='bbox 701 2323 843 2368; x_wconf 84' lang='lat' dir='ltr'><strong>qualem</strong></span> <span class='ocrx_word' id='word_1_313' title='bbox 863 2324 960 2368; x_wconf 81' lang='lat' dir='ltr'><strong>apud</strong></span> <span class='ocrx_word' id='word_1_314' title='bbox 985 2324 1101 2367; x_wconf 81' lang='lat' dir='ltr'><strong>ipsum</strong></span> <span class='ocrx_word' id='word_1_315' title='bbox 1127 2323 1310 2356; x_wconf 82' lang='lat' dir='ltr'><strong>carnifices</strong></span> <span class='ocrx_word' id='word_1_316' title='bbox 1336 2322 1426 2363; x_wconf 86' lang='lat' dir='ltr'><strong>eius,</strong></span> <span class='ocrx_word' id='word_1_317' title='bbox 1450 2322 1514 2367; x_wconf 89' lang='lat' dir='ltr'><strong>qui</strong></span> 
     </span>
     <span class='ocr_line' id='line_1_35' title="bbox 63 2367 1163 2409; baseline 0.003 -10"><span class='ocrx_word' id='word_1_318' title='bbox 63 2367 159 2400; x_wconf 82' lang='lat' dir='ltr'><strong>iussa</strong></span> <span class='ocrx_word' id='word_1_319' title='bbox 185 2367 260 2400; x_wconf 87' lang='lat' dir='ltr'><strong>eius</strong></span> <span class='ocrx_word' id='word_1_320' title='bbox 289 2367 450 2409; x_wconf 83' lang='lat' dir='ltr'><strong>faciunt,</strong></span> <span class='ocrx_word' id='word_1_321' title='bbox 479 2375 515 2403; x_wconf 89' lang='lat' dir='ltr'><strong>et</strong></span> <span class='ocrx_word' id='word_1_322' title='bbox 539 2374 658 2403; x_wconf 80' lang='lat' dir='ltr'><strong>tamen</strong></span> <span class='ocrx_word' id='word_1_323' title='bbox 684 2370 783 2403; x_wconf 79' lang='lat' dir='ltr'><strong>exosi</strong></span> <span class='ocrx_word' id='word_1_324' title='bbox 808 2377 845 2404; x_wconf 83' lang='lat' dir='ltr'><strong>et</strong></span> <span class='ocrx_word' id='word_1_325' title='bbox 875 2370 1045 2404; x_wconf 86' lang='lat' dir='ltr'><strong>contemti</strong></span> <span class='ocrx_word' id='word_1_326' title='bbox 1070 2375 1163 2402; x_wconf 89' lang='lat' dir='ltr'><strong>sunt.</strong></span> 
     </span>
    </p>

    <p class='ocr_par' dir='ltr' id='par_1_9' title="bbox 62 2414 1515 2744">
     <span class='ocr_line' id='line_1_36' title="bbox 179 2414 1513 2461; baseline 0 -14"><span class='ocrx_word' id='word_1_327' title='bbox 179 2414 300 2460; x_wconf 88' lang='lat' dir='ltr'><strong>Quum</strong></span> <span class='ocrx_word' id='word_1_328' title='bbox 324 2414 380 2455; x_wconf 86' lang='lat' dir='ltr'><strong>iis,</strong></span> <span class='ocrx_word' id='word_1_329' title='bbox 405 2427 498 2461; x_wconf 82' lang='lat' dir='ltr'><strong>quae</strong></span> <span class='ocrx_word' id='word_1_330' title='bbox 531 2422 614 2450; x_wconf 84' lang='lat' dir='ltr'><strong>ante</strong></span> <span class='ocrx_word' id='word_1_331' title='bbox 666 2418 955 2457; x_wconf 83' lang='lat' dir='ltr'><strong>commemoravi,</strong></span> <span class='ocrx_word' id='word_1_332' title='bbox 997 2417 1101 2449; x_wconf 84' lang='lat' dir='ltr'><strong>malis</strong></span> <span class='ocrx_word' id='word_1_333' title='bbox 1133 2415 1401 2460; x_wconf 85' lang='lat' dir='ltr'><strong>Peloponnesus</strong></span> <span class='ocrx_word' id='word_1_334' title='bbox 1435 2427 1513 2458; x_wconf 82' lang='lat' dir='ltr'><strong>gra-</strong></span> 
     </span>
     <span class='ocr_line' id='line_1_37' title="bbox 62 2459 1515 2508; baseline 0.002 -16"><span class='ocrx_word' id='word_1_335' title='bbox 62 2459 161 2501; x_wconf 86' lang='lat' dir='ltr'><strong>vius,</strong></span> <span class='ocrx_word' id='word_1_336' title='bbox 186 2472 291 2506; x_wconf 83' lang='lat' dir='ltr'><strong>quam</strong></span> <span class='ocrx_word' id='word_1_337' title='bbox 317 2461 390 2494; x_wconf 83' lang='lat' dir='ltr'><strong>ulla</strong></span> <span class='ocrx_word' id='word_1_338' title='bbox 426 2462 496 2495; x_wconf 84' lang='lat' dir='ltr'><strong>alia</strong></span> <span class='ocrx_word' id='word_1_339' title='bbox 521 2464 647 2497; x_wconf 82' lang='lat' dir='ltr'><strong>misera</strong></span> <span class='ocrx_word' id='word_1_340' title='bbox 689 2464 809 2508; x_wconf 83' lang='lat' dir='ltr'><strong>regio,</strong></span> <span class='ocrx_word' id='word_1_341' title='bbox 854 2464 1094 2507; x_wconf 84' lang='lat' dir='ltr'><strong>affligeretur,</strong></span> <span class='ocrx_word' id='word_1_342' title='bbox 1132 2463 1237 2495; x_wconf 84' lang='lat' dir='ltr'><strong>etiam</strong></span> <span class='ocrx_word' id='word_1_343' title='bbox 1272 2473 1396 2495; x_wconf 78' lang='lat' dir='ltr'><strong>manus</strong></span> <span class='ocrx_word' id='word_1_344' title='bbox 1421 2462 1515 2496; x_wconf 73' lang='lat' dir='ltr'><strong>Tur-</strong></span> 
     </span>
     <span class='ocr_line' id='line_1_38' title="bbox 63 2508 1513 2554; baseline 0.001 -14"><span class='ocrx_word' id='word_1_345' title='bbox 63 2517 183 2541; x_wconf 76' lang='lat' dir='ltr'><strong>carum</strong></span> <span class='ocrx_word' id='word_1_346' title='bbox 216 2513 365 2541; x_wconf 80' lang='lat' dir='ltr'><strong>externa</strong></span> <span class='ocrx_word' id='word_1_347' title='bbox 409 2508 555 2544; x_wconf 78' lang='lat' dir='ltr'><strong>advenit</strong></span> <span class='ocrx_word' id='word_1_348' title='bbox 594 2516 630 2544; x_wconf 83' lang='lat' dir='ltr'><strong>et</strong></span> <span class='ocrx_word' id='word_1_349' title='bbox 666 2517 791 2544; x_wconf 83' lang='lat' dir='ltr'><strong>cuncta</strong></span> <span class='ocrx_word' id='word_1_350' title='bbox 828 2510 1046 2550; x_wconf 82' lang='lat' dir='ltr'><strong>incursavit‚</strong></span> <span class='ocrx_word' id='word_1_351' title='bbox 1088 2515 1127 2542; x_wconf 87' lang='lat' dir='ltr'><strong>ut</strong></span> <span class='ocrx_word' id='word_1_352' title='bbox 1170 2521 1258 2554; x_wconf 87' lang='lat' dir='ltr'><strong>quas</strong></span> <span class='ocrx_word' id='word_1_353' title='bbox 1301 2508 1421 2542; x_wconf 78' lang='lat' dir='ltr'><strong>clades</strong></span> <span class='ocrx_word' id='word_1_354' title='bbox 1456 2510 1513 2542; x_wconf 83' lang='lat' dir='ltr'><strong>in-</strong></span> 
     </span>
     <span class='ocr_line' id='line_1_39' title="bbox 63 2553 1511 2602; baseline 0.003 -17"><span class='ocrx_word' id='word_1_355' title='bbox 63 2553 186 2595; x_wconf 79' lang='lat' dir='ltr'><strong>colae,</strong></span> <span class='ocrx_word' id='word_1_356' title='bbox 222 2554 381 2596; x_wconf 87' lang='lat' dir='ltr'><strong>domini,</strong></span> <span class='ocrx_word' id='word_1_357' title='bbox 428 2557 628 2602; x_wconf 85' lang='lat' dir='ltr'><strong>principes,</strong></span> <span class='ocrx_word' id='word_1_358' title='bbox 667 2558 838 2602; x_wconf 85' lang='lat' dir='ltr'><strong>primores</strong></span> <span class='ocrx_word' id='word_1_359' title='bbox 883 2569 955 2591; x_wconf 88' lang='lat' dir='ltr'><strong>non</strong></span> <span class='ocrx_word' id='word_1_360' title='bbox 1000 2557 1187 2596; x_wconf 84' lang='lat' dir='ltr'><strong>consulto,</strong></span> <span class='ocrx_word' id='word_1_361' title='bbox 1229 2555 1292 2589; x_wconf 87' lang='lat' dir='ltr'><strong>sed</strong></span> <span class='ocrx_word' id='word_1_362' title='bbox 1340 2556 1511 2590; x_wconf 85' lang='lat' dir='ltr'><strong>resisten-</strong></span> 
     </span>
     <span class='ocr_line' id='line_1_40' title="bbox 62 2601 1514 2647; baseline 0.001 -13"><span class='ocrx_word' id='word_1_363' title='bbox 62 2601 151 2634; x_wconf 80' lang='lat' dir='ltr'><strong>tium</strong></span> <span class='ocrx_word' id='word_1_364' title='bbox 178 2601 309 2635; x_wconf 85' lang='lat' dir='ltr'><strong>virtute</strong></span> <span class='ocrx_word' id='word_1_365' title='bbox 334 2602 509 2646; x_wconf 82' lang='lat' dir='ltr'><strong>impediti,</strong></span> <span class='ocrx_word' id='word_1_366' title='bbox 536 2605 748 2645; x_wconf 80' lang='lat' dir='ltr'><strong>omiserant,</strong></span> <span class='ocrx_word' id='word_1_367' title='bbox 781 2605 836 2638; x_wconf 84' lang='lat' dir='ltr'><strong>illi</strong></span> <span class='ocrx_word' id='word_1_368' title='bbox 863 2604 1031 2643; x_wconf 85' lang='lat' dir='ltr'><strong>ederent,</strong></span> <span class='ocrx_word' id='word_1_369' title='bbox 1073 2603 1220 2636; x_wconf 82' lang='lat' dir='ltr'><strong>alterius</strong></span> <span class='ocrx_word' id='word_1_370' title='bbox 1247 2602 1419 2647; x_wconf 79' lang='lat' dir='ltr'><strong>despotae</strong></span> <span class='ocrx_word' id='word_1_371' title='bbox 1444 2602 1514 2635; x_wconf 83' lang='lat' dir='ltr'><strong>ho-</strong></span> 
     </span>
     <span class='ocr_line' id='line_1_41' title="bbox 62 2648 1511 2697; baseline 0.001 -17"><span class='ocrx_word' id='word_1_372' title='bbox 62 2653 146 2689; x_wconf 83' lang='lat' dir='ltr'><strong>stes,</strong></span> <span class='ocrx_word' id='word_1_373' title='bbox 171 2648 319 2682; x_wconf 77' lang='lat' dir='ltr'><strong>alterius</strong></span> <span class='ocrx_word' id='word_1_374' title='bbox 362 2650 485 2682; x_wconf 83' lang='lat' dir='ltr'><strong>amici:</strong></span> <span class='ocrx_word' id='word_1_375' title='bbox 525 2661 544 2684; x_wconf 90' lang='lat' dir='ltr'><strong>e</strong></span> <span class='ocrx_word' id='word_1_376' title='bbox 573 2652 704 2697; x_wconf 83' lang='lat' dir='ltr'><strong>quibus</strong></span> <span class='ocrx_word' id='word_1_377' title='bbox 733 2652 848 2692; x_wconf 82' lang='lat' dir='ltr'><strong>illum,</strong></span> <span class='ocrx_word' id='word_1_378' title='bbox 883 2651 1067 2684; x_wconf 85' lang='lat' dir='ltr'><strong>inimicum</strong></span> <span class='ocrx_word' id='word_1_379' title='bbox 1093 2649 1163 2683; x_wconf 84' lang='lat' dir='ltr'><strong>sibi</strong></span> <span class='ocrx_word' id='word_1_380' title='bbox 1187 2649 1373 2691; x_wconf 86' lang='lat' dir='ltr'><strong>Thomam,</strong></span> <span class='ocrx_word' id='word_1_381' title='bbox 1397 2661 1511 2695; x_wconf 86' lang='lat' dir='ltr'><strong>prope</strong></span> 
     </span>
     <span class='ocr_line' id='line_1_42' title="bbox 62 2695 1509 2744; baseline 0.001 -15"><span class='ocrx_word' id='word_1_382' title='bbox 62 2695 292 2730; x_wconf 83' lang='lat' dir='ltr'><strong>Leontarium</strong></span> <span class='ocrx_word' id='word_1_383' title='bbox 321 2702 512 2743; x_wconf 80' lang='lat' dir='ltr'><strong>repertum,</strong></span> <span class='ocrx_word' id='word_1_384' title='bbox 538 2699 667 2734; x_wconf 79' lang='lat' dir='ltr'><strong>acriter</strong></span> <span class='ocrx_word' id='word_1_385' title='bbox 700 2698 878 2741; x_wconf 73' lang='lat' dir='ltr'><strong>insectati,</strong></span> <span class='ocrx_word' id='word_1_386' title='bbox 904 2699 942 2732; x_wconf 87' lang='lat' dir='ltr'><strong>in</strong></span> <span class='ocrx_word' id='word_1_387' title='bbox 978 2697 1101 2731; x_wconf 89' lang='lat' dir='ltr'><strong>urbem</strong></span> <span class='ocrx_word' id='word_1_388' title='bbox 1127 2697 1390 2744; x_wconf 81' lang='lat' dir='ltr'><strong>compulerunt,</strong></span> <span class='ocrx_word' id='word_1_389' title='bbox 1415 2696 1509 2732; x_wconf 82' lang='lat' dir='ltr'><strong>mul·-</strong></span> 
     </span>
    </p>
   </div>
   <div class='ocr_carea' id='block_1_5' title="bbox 0 0 30 3190">
    <p class='ocr_par' dir='ltr' id='par_1_10' title="bbox 0 0 30 3190">
     <span class='ocr_line' id='line_1_43' title="bbox 0 0 30 3190; baseline 0 0"><span class='ocrx_word' id='word_1_390' title='bbox 0 0 30 3190; x_wconf 95' lang='lat' dir='ltr'><strong> </strong></span> 
     </span>
    </p>
   </div>
  </div>
 </body>
</html>
