1806 3190
541 175 640 216 Lm.
667 176 700 214 1.
738 172 858 214 cAP.
886 172 1052 214 xxxu.
1086 182 1093 197 ‹
1447 152 1522 226 93

85 273 214 318 αὐτὸν
227 272 336 316 πάνυ
360 274 452 315 νέον
467 274 574 322 τινὲς
594 273 678 314 τῶν
693 273 878 326 γηραιῶν
895 270 1118 326 βεζιρίδων
1138 268 1276 324 ἔλεγον
1291 270 1346 327 τῷ
1374 269 1527 323 Ἀμου-

86 341 189 398 ράτῃ
219 337 285 382 ὅτι
313 340 388 380 οὐκ
415 336 572 389 «ἔξεστιν
598 339 927 391 ἑμπιστευθῆναι
970 335 1046 391 τήν
1073 335 1272 391 τοσούτην
1299 335 1436 390 άρχὴν
1466 335 1530 377 ἔτι

85 409 142 465 τῷ
168 404 259 464 υἱῷ,
288 405 357 447 ἴνα
385 403 441 460 μὴ
473 404 512 446 οἱ
542 406 616 459 τῆς
642 404 833 458 νεότητος
865 405 1014 444 καπνοί
1039 401 1112 457 τὴν
1137 403 1357 456 βασιλείαν
1385 403 1529 443 κινδυι

84 475 229 514 νεῦσαι
259 469 502 525 ποιήσωσιν.
534 470 555 511 ὃ
584 465 660 511 οὖν
679 470 901 523 Μεεμέτης
917 469 1052 510 ταῦτα
1080 467 1378 521 αἰσθανόμενος
1405 470 1530 521 ἐμαί-

45 527 176 590 ᾒνετο
205 539 291 580 κατ’
321 538 462 580 αὐταῖν
480 569 492 588 ,
522 538 595 578 καί
617 534 795 583 πολλοὺς
830 530 1004 589 ὕστερον
1022 535 1302 587 Δἐθανάτωσε,
1331 534 1404 578 καί
1429 551 1530 577 παι-

86 606 341 660 δαριογέρων
383 606 428 646 ἒν
470 608 560 652 ταῖς
586 602 748 656 μάχαις
792 599 862 642 καί
898 606 992 649 ταῖς
1029 600 1278 655 διοικήσεσιν
1315 602 1374 651 εἰς
1402 595 1530 655 ἄκρον

85 673 256 726 ἐγένετο.
281 665 332 726 ἦν
360 671 408 712 δὲ
435 668 457 711 ὅ
484 670 574 718 νέος
600 665 820 722 δραστικὸς
855 667 928 709 καί
953 664 1090 716 δεινὸς
1115 667 1221 709 κατά
1254 666 1403 722 πάντα,
1430 666 1530 716 τούς

86 738 310 792 ἐναρέτους
340 735 413 777 καί
436 734 596 791 σοφούς
622 729 782 788 ἄνδρας
820 734 1015 787 α’γαπῶν·
1071 734 1144 775 καί
1167 731 1297 782 αὖτὸς
1324 729 1399 774 οὐκ
1425 734 1533 786 οἶμὲ-

87 805 233 851 θεκτος
263 798 316 857 ἦν
342 803 517 857 σοφίας,
556 804 626 842 καί
653 798 728 853 τήν
765 800 915 856 τέχνην
939 800 1013 853 τῆς
1037 799 1310 853 ἀστρολογίας
1339 800 1416 841 οιῖκ
1445 800 1531 841 ὀλί-

51 884 159 924 ογον
185 867 437 922 γευσάμενος
465 864 758 920 ἀναγινώσκειν
785 867 854 908 αἐἰ
884 861 1040 919 ἦγάπα.
1071 863 1124 906 τά
1151 880 1197 906 τε
1227 865 1530 917 κατορθώματα

86 934 159 976 καὶ
181 936 300 988 βίους
324 931 600 987 Ἀλεξάνδρου
623 934 697 974 τοῦ
718 931 965 981 ΙΙΙακεδόνος
994 934 1067 973 καί
1083 933 1157 973 τοῦ
1182 932 1397 985 Ὀκταβίου
1420 932 1532 973 Καί-

86 1015 228 1054 σαρος,
258 1001 578 1042 Κωνσταντίνου
605 999 680 1040 τοῦ
709 996 895 1051 μεγάλου
923 1000 997 1039 τοῦ
1024 1000 1096 1040 καί
1118 1000 1308 1050 Φλαβίου
1336 997 1408 1039 καί
1426 999 1533 1040 Θεο-

85 1067 228 1108 δοσιόυ
270 1067 348 1108 τοῦ
375 1067 419 1116 ἐξ
455 1062 666 1113 Ἱσπανίας
695 1065 901 1117 βασιλέως
929 1064 1404 1113 Κωνσταντινουπόλεως
1437 1064 1530 1106 α’νε·

85 1132 294 1186 γίνωσκεν,
321 1133 450 1174 αἰτῶν
477 1132 548 1172 καί
568 1129 747 1183 ἐρευνῶν
764 1128 958 1184 μηχανὰς
978 1131 1047 1172 ἵνα
1067 1127 1165 1179 τούς
1183 1129 1339 1180 πάντας
1368 1127 1534 1187 ὑπερβῇ

52 1200 158 1244 ὄκαί
192 1195 244 1240 τά
276 1194 374 1253 ὅρια
412 1199 487 1251 τῆς
513 1198 729 1250 βασιλείας
765 1196 896 1238 αὑτοῦ
922 1197 981 1245 εἰς
1007 1191 1133 1250 ἄκρον
1161 1192 1348 1254 αὐξήσῃ·
1408 1194 1434 1237 ὃ
1459 1197 1534 1237 καί

85 1265 290 1319 ἐποίησεν.
359 1259 545 1311 ἄκου’σας
583 1258 659 1304 οὖν
698 1261 798 1316 περὶ
825 1264 900 1303 τοῦ
925 1262 1108 1304 θανάτου
1137 1265 1210 1304 τοῦ
1241 1261 1476 1317 Ἀμουράτη
1506 1261 1529 1303 ὅ

84 1331 347 1385 Καραμάνος
382 1328 644 1383 ’Λλισούριος
683 1329 728 1371 ἐκ
755 1330 837 1370 ταῖν
870 1329 1002 1382 ὀρέων
1031 1327 1218 1383 καταβάς
1250 1329 1378 1370 πολὺν
1405 1327 1532 1371 τόπον

83 1395 220 1454 ἑαυτῷ
250 1394 581 1450 περιεποιήσατο.
638 1394 658 1437 ὃ
688 1397 734 1437 δὲ
763 1397 852 1443 νέος
874 1395 1081 1449 αὐθέντης
1109 1391 1132 1435 ὅ
1154 1397 1377 1449 Μεεμέτης
1402 1411 1532 1448 στρα-

85 1462 158 1505 τὸν
186 1461 411 1515 ἑτοιμάσας
453 1462 623 1516 ἔρχεται
657 1465 747 1502 κατ’
773 1461 933 1502 αὐτοῦ·
998 1458 1123 1508 αὐτὸς
1153 1461 1199 1502 δὲ
1230 1459 1376 1515 φυγών
1407 1458 1532 1501 πάλιν

23 1544 74 1572 20
86 1532 144 1578 εἰς
167 1528 244 1578 τὰς
274 1527 461 1585 κορυφὰς
489 1530 570 1570 τῶν
597 1527 728 1582 ὀρέων
763 1525 968 1582 διήρχετο,
996 1525 1074 1576 ἕως
1107 1521 1157 1567 οὗ
1185 1528 1288 1579 μετά
1316 1542 1409 1568 τινα
1438 1542 1531 1568 και-

86 1593 160 1650 ρόν
186 1597 396 1644 παντελῶς
425 1596 653 1650 ἠφανίσθη.
710 1591 815 1647 μετά
849 1594 896 1635 δὲ
922 1591 967 1633 τὸ
1000 1593 1237 1647 διωχθῆναι
1274 1591 1347 1634 τὸν
1380 1595 1532 1646 Καρα-

83 1659 215 1714 μάνον
244 1659 429 1717 περάσας
471 1662 515 1703 ὲν
551 1662 600 1716 τῇ
629 1658 940 1702 Καλλιουπόλει
975 1660 1048 1701 καί
1075 1662 1135 1709 εἰς
1163 1657 1531 1715 Ἀνδριανούπολιν

179 1805 211 1827 2.
242 1795 320 1876 &gu
344 1794 489 1830 δίκαιον
513 1796 538 1830 Ρ
669 1794 702 1838 4.
728 1787 862 1841 ἐχθρὸς
888 1793 1030 1840 ἐγένετο
1056 1794 1080 1828 P
1203 1795 1254 1830 13.
1279 1791 1530 1840 ἀνεγίνωσκεν

178 1853 236 1875 011]

85 1951 244 1984 seniores
271 1949 405 1983 vezires
431 1949 630 1982 Amuratem
656 1954 889 1990 monuerunt,
922 1949 1060 1983 licitum
1095 1959 1167 1982 non
1193 1958 1288 1988 esse,
1313 1952 1450 1981 tantam
1475 1958 1531 1981 re·

85 1998 145 2042 gui
167 1997 296 2030 molem
320 1997 389 2029 iam
416 2002 492 2030 tum
517 1997 689 2029 committi
715 1997 808 2038 lilio,
832 1997 1035 2042 nespiritus
1059 1996 1236 2029 iuveniles
1262 2006 1369 2039 regno
1396 1995 1531 2028 excita-

85 2049 166 2078 rent
191 2044 361 2089 pericula.
391 2043 609 2077 Mehemetes
635 2043 722 2076 haec
746 2043 808 2076 ubi
836 2044 969 2085 sensit,
997 2044 1050 2076 ira
1075 2043 1228 2083 furebat,
1252 2043 1456 2087 multosque
1485 2042 1531 2075 ‹le

85 2091 141 2124 liis
166 2091 341 2124 veziribus
367 2097 492 2136 postea
517 2091 719 2131 interemit,
758 2091 795 2124 in
821 2090 933 2124 rebus·
963 2096 1040 2125 tum
1065 2090 1268 2124 domesticis
1292 2095 1364 2122 tum
1391 2089 1529 2122 bellicis

85 2138 376 2172 administrandis
413 2138 627 2183 sapientiam
661 2138 770 2183 plane
803 2138 952 2170 senilem
991 2143 1185 2182 praestans.
1223 2142 1298 2169 erat
1324 2137 1472 2181 impiger
1495 2142 1532 2170 et

85 2196 166 2218 acer
193 2187 229 2218 in
255 2185 360 2218 rebus
387 2185 575 2227 omnibus,
613 2190 720 2230 atque
746 2195 865 2217 amore
894 2184 1178 2229 amplectebatur
1200 2183 1361 2217 homines
1389 2183 1530 2216 virtutis

85 2238 122 2266 et
144 2233 345 2266 litterarum
380 2232 577 2274 studiosos3
603 2242 670 2264 nec
694 2232 771 2276 ipse
801 2231 899 2265 rudis
933 2237 1010 2265 erat
1032 2232 1256 2271 litterarum,
1298 2236 1334 2263 et
1358 2231 1396 2262 in
1425 2229 1532 2264 ‹lisci-

83 2280 183 2325 plina
208 2279 419 2323 astrologiea
451 2291 657 2324 progressus
688 2290 762 2312 non
786 2279 983 2312 mediocres
1019 2279 1170 2321 fecerat3
1207 2278 1348 2311 assidua
1374 2277 1531 2310 lectione

85 2332 296 2371 occupatus,
324 2337 377 2358 res
402 2332 516 2370 gestas
543 2332 580 2359 et
607 2327 696 2358 vitas
725 2326 917 2358 Alexandri
944 2325 1165 2366 Macedonis,
1190 2324 1326 2357 Octavii
1355 2323 1530 2365 Caesaris,

84 2374 195 2406 Flavii
213 2374 438 2406 Constantini
462 2373 591 2417 magni,
617 2373 838 2417 imperatoris
854 2373 1048 2406 Theodosii
1068 2373 1215 2417 Hispani
1241 2370 1393 2414 legebat,
1419 2382 1531 2416 quae-

84 2431 164 2453 rens
189 2426 224 2453 et
247 2421 416 2465 indagans
445 2426 559 2462 artes,
595 2420 725 2465 quibus
751 2431 873 2454 omnes
898 2420 1132 2453 antecelleret
1158 2424 1194 2452 et
1218 2419 1314 2461 regni
1332 2419 1419 2451 (ines
1445 2429 1530 2463 pro-

85 2467 194 2500 ferret
221 2479 325 2512 quam
351 2467 544 2500 latissime:
569 2467 667 2512 quod
701 2467 807 2499 etiam
848 2467 1040 2512 praestitit.
1081 2465 1203 2499 audita
1232 2469 1346 2498 morte
1379 2465 1529 2498 Amara-

84 2515 151 2554 tis,
186 2513 398 2547 Caramallus
439 2514 613 2547 Alisurius
650 2524 669 2547 e
694 2514 872 2547 montibus
907 2513 1096 2547 descendit.
1130 2513 1313 2556 multaque
1348 2511 1416 2545 sibi
1449 2513 1529 2546 loca

84 2561 248 2594 subiecit.
289 2562 428 2594 iuvenis
469 2572 529 2594 rex
565 2561 808 2602 Meliemetes‚
846 2567 1048 2606 comparata
1088 2571 1217 2598 mauu,
1254 2558 1419 2592 adversus
1449 2570 1529 2593 enm

83 2608 345 2652 proficiscitur-3
377 2608 436 2653 qui
459 2609 496 2640 in
529 2607 645 2652 sugam
671 2619 801 2649 versus,
829 2620 946 2641 rursus
974 2609 1011 2640 in
1039 2607 1212 2640 montium
1237 2606 1319 2650 iuga
1349 2617 1386 2640 se
1411 2605 1530 2648 abdit,

86 2654 200 2687 donec
223 2655 410 2699 aliquanto
437 2661 518 2699 post
543 2656 688 2688 omnino
717 2655 869 2688 deletur.
896 2656 1127 2688 Can-amanum
1153 2659 1368 2698 persecutns,
1393 2653 1530 2686 Callio-

84 2701 208 2745 polim,
228 2701 358 2734 deinde
385 2701 654 2747 Adrianopolim
680 2703 866 2743 concessit,
891 2701 1011 2742 unde,
1035 2701 1214 2734 instructis
1242 2701 1375 2745 copiis,
1401 2701 1530 2734 adver-

86 2759 144 2781 sus
171 2748 292 2781 urbem
317 2754 353 2783 et
378 2749 564 2795 imperium
588 2750 784 2783 Romanum
810 2748 1066 2795 proficiscitur,
1100 2758 1140 2782 ac
1169 2752 1267 2782 tanta
1292 2747 1358 2782 hac
1384 2753 1528 2794 tamque
