1806 3190
294 169 312 205 1
329 171 356 205 2
367 171 396 206 2
706 168 934 209 GEORGII
974 167 1294 209 PHRANTZAE

283 266 411 310 κακὸν
453 268 698 322 προεξένησε
744 268 797 323 τῇ
825 268 908 308 τῶν
929 263 1150 319 Ῥωμαίων
1178 263 1308 323 ἀρχῇ.
1366 264 1438 307 καί
1462 267 1624 320 πρῶτον
1650 268 1731 319 μὲν

282 332 357 375 τὸν
383 332 572 388 Ἰωάννην
610 332 786 384 βασιλέα
817 330 956 385 εἴασε,
999 335 1057 388 τῷ
1097 334 1143 373 δὲ
1169 331 1346 388 δεσπότῃ
1377 333 1453 385 κὺρ
1484 333 1730 389 Ἀνδρονίκῳ

281 397 359 454 την
390 399 695 451 Θεσσαλονίκην
725 398 800 439 καί
824 396 874 439 τά
905 394 1058 452 ἑαυτῆς
1087 399 1277 440 δέδωκεν.
1334 393 1455 446 οὗτος
1484 398 1530 438 δὲ
1558 400 1731 451 βλαβεὶς

281 462 364 506 ὑπὸ
394 462 634 518 βαρυτάτης
665 462 910 516 ἀσθενείας,
939 461 1079 513 ἔδοξεν
1109 464 1224 520 αὐτῷ
1252 465 1444 517 πωλῆσαι
1473 461 1547 517 την
1564 464 1728 506 Θεσσα-

279 532 442 584 λονίκην
470 529 544 570 καί
569 526 619 570 τά
650 525 800 583 ἑαυτῆς
828 530 880 586 τῇ
906 531 986 571 τῶν
1006 529 1178 571 Ἑνετῶν
1217 529 1414 586 γερουσίᾳ
1445 527 1513 570 διά
1541 531 1761 584 χρυσίουό
1805 549 1806 575 3

277 594 474 648 χιλιάδας
502 593 764 648 πεντήκοντα.
793 590 883 636 εἶτα
910 594 1097 649 περάσας
1118 591 1244 649 ἦλθεν
1265 596 1308 636 ἐν
1332 596 1385 651 τῇ
1405 592 1724 652 Πελοποννήσῳ,

280 661 325 701 ἐν
350 658 470 717 χώρᾳ
499 660 694 717 λεγομένῃ
714 659 968 718 Μαντινειζι,
1000 660 1073 702 καί
1104 661 1212 713 μετά
1242 663 1318 703 τοῦ
1347 659 1446 702 υἱοῦ
1477 660 1609 702 adro&
1639 661 1728 704 Ἰω-

281 724 405 767 άννου
433 723 509 780 την
537 724 756 781 διατριβὴν
779 728 870 768 ε’κεῖ
897 725 1029 768 ἐποίει
1057 728 1191 768 ἕνεκεν
1219 729 1294 781 τῆς
1321 729 1399 768 τοῦ
1427 728 1551 780 α’έρος
1575 721 1727 781 ezinpa-

282 792 393 840 σίας.
413 788 591 847 ὕστερον
613 793 660 833 δὲ
673 791 862 846 μοναχός
878 790 1094 846 γενόμενος
1115 791 1351 850 κατῴκησεν
1372 794 1417 835 ἐν
1434 796 1484 850 τῇ
1502 796 1727 835 Κωνσταν·

283 855 521 898 τινουπόλει
552 858 596 899 ἐν
623 860 672 914 τῇ
699 859 773 899 τοῦ
802 857 1155 912 Παντοκράτορος
1181 860 1287 916 μονῇ
1320 860 1529 915 λεγομένῃ.
1597 858 1654 914 τῷ
1681 860 1726 900 δὲ

283 922 459 980 δεσπότῃ
488 921 565 978 κὺρ
591 921 797 982 Θεοδώρῳ
826 922 902 979 την
918 927 1265 977 Λακεδαιμονίαν
1292 925 1366 966 καί
1394 923 1446 966 τά
1475 922 1642 979 ἑαυτῆς.
1671 926 1728 980 τῷ

282 990 328 1031 δὲ
355 992 529 1043 βασιλεῖ
552 988 630 1044 κύρ
653 992 953 1047 Κωνσταντίνῳ
993 989 1043 1032 τά
1079 993 1158 1032 τοῦ
1185 991 1387 1040 Εὐξείνου
1416 991 1571 1033 πόντου
1599 991 1726 1044 μέρη,

281 1056 386 1108 λέγω
410 1050 633 1109 Ἀγχίαλον
677 1057 749 1097 καί
775 1057 1064 1111 Μεσημβρίαν
1088 1058 1162 1098 καί
1187 1055 1239 1098 τά
1270 1058 1433 1110 αὐτῶν,
1475 1057 1548 1098 καί
1573 1058 1629 1114 τῷ
1659 1057 1727 1098 δε-

280 1120 406 1178 σπότῃ
434 1119 514 1175 κύρ
552 1121 685 1178 Θωμᾷ
710 1120 758 1163 τά
791 1123 1115 1174 ἐναπομείναντα
1144 1124 1188 1164 ἐν
1218 1124 1269 1179 τῇ
1294 1121 1616 1180 Πελοποννήσῳ.

388 1186 482 1229 Καὶ
508 1188 563 1245 τῷ
593 1187 727 1248 ,ςῇλδ
755 1187 836 1229 ἔτει
864 1189 967 1243 μηνί
981 1188 1214 1245 Αὐγούστῳ
1244 1188 1269 1243 ἦ
1298 1190 1496 1230 δέσποινα
1523 1187 1632 1243 κυρὰ
1647 1189 1726 1230 ,Σο-

278 1251 355 1309 φία
387 1254 581 1309 φυγοῦσα
621 1255 739 1307 διέβη
769 1255 829 1303 εἰς
857 1252 932 1309 τὴν
972 1254 1103 1308 αὑτῆς
1139 1253 1347 1308 πατρίδα,
1391 1256 1446 1296 δι’
1474 1255 1612 1296 αἰτίαν
1638 1269 1725 1296 τοι-

277 1321 408 1374 αὐτην
441 1316 504 1361 ὅτι
543 1319 564 1360 ὅ
595 1318 795 1373 βασιλευς
837 1318 918 1374 κύρ
948 1320 1137 1375 Ἰωάννης
1182 1319 1203 1362 ὃ
1233 1319 1339 1374 α’νῆρ
1373 1320 1506 1373 αὐτῆς
1538 1320 1613 1361 ov'x
1641 1316 1728 1374 εἶχε

275 1385 477 1440 τοσαύτην
505 1380 672 1427 εὔνοιαν
699 1385 774 1427 καί
799 1383 961 1440 ἀγάπην
988 1383 1090 1440 πρὸς
1112 1384 1247 1439 αὐτὴν
1273 1387 1345 1427 καί
1370 1384 1512 1439 εἰρήνη
1542 1383 1622 1427 άνὰ
1650 1384 1730 1426 αὖ·

275 1453 360 1494 τῶν
388 1450 439 1495 οὔ
470 1453 646 1494 διέκειτο
683 1452 754 1494 διά
794 1451 838 1494 τὸ
867 1454 1050 1506 ἐρᾶσθαι
1091 1450 1165 1494 τὸν
1192 1452 1371 1505 βασιλέα
1401 1447 1555 1504 ἑτέρων
1579 1467 1727 1505 γυναι-

1746 874 1793 900 10

1746 1186 1798 1228 εὖ

275 1518 381 1570 κῶν,
412 1513 561 1559 οὕνεκα
601 1518 677 1559 οὐκ
703 1513 755 1572 ἦν
788 1518 815 1571 ἦ
857 1519 1054 1560 δέσποινα
1083 1518 1129 1560 ἐκ
1166 1516 1333 1574 φύσεως
1360 1518 1631 1572 ἔστολισμένη
1656 1515 1798 1573 vivae

276 1580 530 1640 ὡραιότητα.

375 1691 423 1725 15.
449 1692 558 1737 κυρία
584 1691 609 1724 Ρ
733 1703 784 1737 ¹9·
809 1690 949 1738 ἑτέραις
975 1694 1124 1738 γυναιξὶ
1147 1691 1186 1726 Μ
1305 1702 1359 1725 20.
1383 1690 1512 1727 τούτου
1541 1690 1647 1727 ἕνεκα
1670 1691 1696 1725 Ρ

276 1789 477 1824 distribuit:
504 1802 595 1836 quae
610 1803 663 1825 res
679 1792 829 1837 imperio
843 1795 1079 1828 Romanorum
1096 1806 1257 1839 magnam
1271 1794 1509 1828 calamitatem
1530 1794 1662 1828 attulit.
1682 1805 1723 1828 ac

274 1838 428 1882 primum
453 1838 598 1883 quidem
612 1839 807 1873 Iohannem
822 1841 904 1875 sivit
923 1842 1174 1886 imperatorem
1193 1852 1280 1881 esse,
1296 1842 1500 1875 Andronico
1527 1848 1644 1875 autem
1660 1841 1724 1874 de-

274 1890 398 1929 spotae
414 1884 707 1920 Thessalonicam
733 1888 881 1932 eiusque
907 1889 1004 1921 urbis
1032 1888 1249 1922 territorium
1277 1889 1435 1922 donavit.
1467 1890 1577 1922 visum
1604 1894 1724 1922 autem

275 1937 330 1964 est
347 1930 433 1964 huic
462 1939 608 1977 propter
642 1945 814 1967 summam
858 1935 1167 1976 imbecillitatem,
1204 1935 1497 1968 Thessalonicam
1528 1934 1654 1969 urbem
1687 1941 1725 1969 et

275 1989 367 2024 quae
392 1978 438 2011 ad
462 1990 539 2012 eam
564 1981 976 2025 pertinentVenetorum
997 1983 1134 2015 civitati
1150 1982 1306 2015 vendere
1331 1983 1450 2016 numis
1475 1983 1589 2016 aureis
1616 1983 1724 2028 quin-

275 2025 422 2070 quagies
447 2026 569 2060 mille:
595 2038 666 2072 quo
683 2028 788 2069 facto,
814 2029 904 2074 ipse,
928 2030 965 2062 in
990 2029 1272 2074 Peloponnesum
1296 2030 1487 2073 profectus,
1504 2030 1724 2063 Mantineam

274 2071 399 2105 urbem
437 2084 475 2106 se
507 2074 663 2108 contulit
696 2075 822 2120 ibique
855 2087 934 2109 cum
967 2075 1128 2110 Iohanne
1162 2077 1239 2110 filio
1274 2077 1380 2110 vitam
1415 2076 1542 2121 agebat
1576 2082 1724 2122 propter

275 2119 498 2152 commodam
531 2121 621 2154 aeris
658 2123 876 2166 temperiem.
923 2128 1049 2168 postea
1084 2123 1280 2157 monachus
1315 2123 1447 2163 factus,
1472 2123 1576 2168 cpoli
1602 2123 1724 2156 sedem

277 2166 466 2200 collocavit
507 2167 546 2201 in
587 2169 803 2202 monasterio
841 2171 1111 2204 Pantocratoris.
1180 2169 1375 2203 Theodoro
1413 2170 1587 2215 despotae
1622 2175 1727 2216 pater

274 2213 577 2248 Lacedaemonem
613 2215 762 2261 eiusque
797 2217 1014 2250 territorium
1055 2218 1264 2263 assignavit3
1303 2217 1511 2261 imperatori
1547 2217 1725 2251 Constan-

275 2260 352 2294 tino
381 2260 527 2295 domino
551 2267 684 2295 tractus
709 2262 756 2295 ad
779 2263 930 2296 Pontum
953 2264 1140 2306 Euxinum,
1165 2264 1199 2297 h.
1226 2275 1256 2299 e.
1281 2264 1494 2297 Anchialum
1517 2270 1552 2298 et
1570 2264 1726 2298 Mesem-

275 2306 390 2341 briam
430 2320 510 2342 cum
543 2309 754 2352 territoriis,
788 2321 829 2344 ac
853 2310 1012 2345 Thomae
1053 2311 1226 2358 despotae
1261 2317 1378 2357 partes
1406 2311 1645 2356 Peloponnesi
1669 2321 1726 2345 re-

277 2354 404 2401 liquas.

370 2403 471 2439 Anno
498 2403 603 2449 6934,
630 2404 787 2448 Augusto
813 2414 947 2445 mense,
972 2405 1179 2449 imperatrix
1192 2405 1326 2450 Sophia
1352 2404 1496 2438 domina
1519 2404 1602 2449 suga
1626 2415 1664 2437 se
1687 2405 1727 2438 iu

277 2449 428 2493 patriam
456 2451 611 2494 recepit,
640 2451 810 2496 quoniam
837 2452 1032 2496 imperator
1055 2451 1233 2485 Iohannes
1259 2452 1448 2491 dominus,
1473 2452 1548 2485 eius
1576 2452 1726 2492 coniux,

278 2507 402 2540 parum
430 2497 462 2530 ei
487 2498 617 2531 amoris
633 2498 861 2543 caritatisque
887 2498 1100 2542 praestabat,
1125 2510 1192 2532 nec
1218 2499 1411 2533 concordia
1435 2499 1530 2532 inter
1553 2509 1615 2532 eos
1638 2503 1726 2538 erat,

278 2542 363 2587 quia
385 2543 447 2577 ille
473 2544 560 2578 alias
584 2545 728 2579 amabat
749 2546 938 2588 mulieres,
963 2557 1073 2592 quum
1098 2547 1315 2592 imperatrici
1337 2546 1486 2582 formam
1509 2551 1635 2580 natura
1659 2555 1728 2579 ne-

278 2591 438 2634 gavisset.
