1806 3190
325 139 362 207 4
374 161 391 195 1
403 141 440 207 4
741 156 970 197 GEORGu
1010 154 1330 198 pnnANTLAE

322 274 442 300 κειαν
469 259 604 300 αὐτοῦ’
629 258 702 299 καί
728 258 810 297 τῶν
839 256 974 295 αὐτοῦ
1000 251 1073 308 την
1102 252 1280 308 μεγάλην
1305 250 1447 307 Αἶνον,
1473 255 1546 310 τήν
1570 257 1757 310 Λῆμνον,

324 325 397 379 τήν
411 322 580 378 Ἴμβρον
608 325 681 364 καί
716 320 790 376 τήν
828 319 1119 376 Σαμοθρᾴκην.
1189 321 1246 376 τῷ
1276 321 1322 361 δὲ
1350 323 1421 374 τῆς
1452 325 1758 376 Τραπεζοῦντος

323 394 496 442 βασιλεῖ
520 392 578 446 τῷ
609 388 812 444 Κομνηνῷ
855 385 934 440 κύρ
974 388 1117 438 Ammo*
1161 387 1300 438 χωρία
1339 385 1428 427 τινά
1459 385 1596 436 δώσας
1619 387 1758 431 &ulto

323 458 485 510 μαῦρον
513 450 608 508 ὅρος
637 454 857 510 κατῴκισεν
885 451 1036 492 αὐτόν·
1092 449 1138 493 ὃν
1167 449 1219 504 δὴ
1246 451 1441 503 καίμετά
1469 467 1577 501 τινος
1602 453 1758 507 χρόνον

321 522 475 574 μικροῦ
500 516 792 574 παραδρομήν,
829 516 966 571 εὑρών
995 516 1108 570 τάχα
1136 518 1221 558 κατ’
1251 517 1381 558 αὐτοῦ
1404 519 1540 560 αἰτίαν
1567 516 1658 561 τινὰ
1684 519 1797 567 ου’κί)

322 587 477 641 ἀληθῆ,
508 583 644 626 πάντα
673 585 722 626 τά
754 581 904 626 ἑαυτοῦ
928 582 1172 637 ὑπάρχοντα
1197 582 1388 638 ἀφείλετο
1406 615 1417 633 ,
1448 584 1634 626 κάκεῖνον
1669 600 1761 627 nn.-

319 654 412 708 γμῷ
443 652 667 693 ἐτελείωσε.
722 650 777 706 τῷ
809 651 854 691 δὲ
883 647 976 702 ἔαρι
1005 651 1080 690 τοῦ
1099 649 1231 689 αιῖτοῦ
1257 646 1373 697 ἔτους
1400 649 1516 703 διέβη
1545 648 1566 690 ὅ
1595 648 1762 703 ἀμηρᾶς

322 720 383 766 εἰς
410 715 485 771 τὴν
511 715 694 770 μεγάλην
708 716 899 769 Βλαχίαν
929 716 1001 756 καί
1028 713 1258 767 ἐδιόρθωσε
1276 712 1327 755 τὰ
1357 717 1446 756 κατ’
1473 713 1604 768 αὐτὴν
1630 716 1764 757 ἐκεῖσε

321 782 613 836 ἐνεργούμενα,
644 783 715 823 καὶ
741 783 995 835 ἐπιστρέψας
1034 782 1201 834 ἐποίησε
1229 778 1388 830 στόλον,
1418 782 1489 822 καί
1518 777 1710 835 ὥρμησεν
1738 767 1761 820 ὅ

321 849 467 898 στόλος
503 847 785 903 προστάγματι
829 846 959 888 αὐτοῦ
995 845 1102 887 κατὰ
1131 847 1207 900 τῆς
1235 844 1505 900 Λέσβου,,ἢν
1533 847 1606 888 καὶ
1631 846 1760 900 παρέ·
1778 866 1805 892 ιι

321 918 461 968 λαβεν.

433 982 498 1023 20.
559 982 627 1035 Τῷ
668 980 713 1020 δὲ
750 979 974 1036 Νοεμβρίῳ
1010 978 1084 1019 τοῦ
1115 977 1247 1019 αὐτοῦ
1284 977 1415 1037 ,ςῧοιί
1442 974 1560 1025 ἔτους
1587 977 1761 1029 ἐπιδρα-

318 1045 471 1099 μόντος
503 1049 579 1088 τοῦ
607 1043 706 1086 υἱοῦ
732 1046 808 1085 τοῦ
841 1047 878 1085 T
876 1041 1092 1098 ουραχάνη
1126 1040 1294 1097 ’Λμάρη
1323 1043 1588 1099 ᾐχμαλώτισε
1622 1042 1761 1083 πᾶσαν

321 1113 418 1166 περί
445 1111 515 1154 τὸν
545 1109 797 1153 Ναύπακτον
827 1110 903 1163 τῆς
929 1110 1148 1156 Αἰτωλίας
1175 1106 1251 1161 τὴν
1280 1109 1414 1150 αὕτοῦ
1442 1107 1658 1162 περιοχήν,
1688 1106 1760 1148 τὸν

322 1180 518 1221 Γαλατᾶν
562 1178 810 1230 λεγομένην,
850 1173 923 1216 καὶ
969 1176 1020 1215 ου’
1059 1173 1160 1222 τούς
1193 1172 1376 1222 Ἑνετούς
1401 1172 1526 1226 μόνον
1555 1172 1662 1215 ἀλλὰ
1693 1171 1763 1214 καί
1779 1192 1806 1221 15

321 1244 419 1293 τούς
448 1244 670 1290 τελοῦντας
702 1242 816 1297 αὐτῷ
856 1243 931 1281 τοῦ
960 1242 1030 1295 τῆς
1057 1241 1206 1294 μικρῆς
1234 1241 1426 1293 Βλαχιάς
1457 1236 1760 1292 Φλαμπούρου.

322 1307 423 1365 ὅπερ
454 1307 607 1363 μαθών
637 1307 658 1348 ὁ
690 1310 771 1349 τῶν
793 1308 966 1349 Ἑνετῶν
1006 1306 1211 1360 τριήρεων
1236 1308 1459 1360 ναύαρχος,
1489 1308 1561 1347 καί
1591 1303 1765 1360 δραμών

321 1375 427 1431 πρὸς
455 1377 697 1428 ἐπικουρίαν
725 1375 784 1422 εἰς
813 1372 888 1427 τὴν
921 1373 1120 1427 οἷντίπερα
1150 1370 1269 1413 πόλιν
1294 1374 1368 1413 τοῦ
1398 1372 1552 1427 α’μηρᾶ,
1584 1372 1763 1413 Βοστίτ-

322 1445 397 1494 ζαν
425 1437 612 1493 ὀνόματι,
633 1437 811 1481 διελθών
832 1442 1053 1494 ἐνέπρησεν
1077 1436 1211 1491 αὐτήν
1234 1438 1306 1478 καί
1323 1437 1642 1493 ᾐχμαλώτευσεν
1657 1436 1766 1478 ἅττα·

319 1525 398 1550 σαν
425 1506 532 1561 πλὴν
557 1508 633 1548 τοῦ
662 1507 814 1548 Κουλᾶ
841 1504 973 1557 μόνου
992 1521 1003 1532 ·
1050 1505 1122 1545 καί
1150 1502 1316 1557 α’γαγών
1343 1502 1438 1552 τούς
1461 1501 1806 1554 Βοστιτζανούςα.

283 1575 365 1615 Βέν
391 1576 448 1630 τῷ
481 1569 722 1628 Ναυπάκτῳ
751 1569 859 1623 μετὰ
881 1573 961 1612 τῶν
989 1566 1144 1610 ἑαυτοῦ
1173 1567 1401 1622 ἐναλλαγὴν
1429 1568 1662 1623 ἐποιήσατο.
1693 1571 1767 1610 καί

324 1639 376 1694 δὴ
404 1638 773 1693 προμελετωμένης
811 1632 936 1690 οὔσης
973 1637 1042 1688 τῆς
1071 1633 1210 1688 μάχης
1237 1636 1314 1675 τοῦ
1345 1636 1539 1687 γενέσθαι
1564 1633 1666 1676 κατὰ
1690 1635 1766 1676 τοῦ

324 1707 468 1760 α’μηρᾶ
511 1702 591 1745 ὑπὸ
641 1705 714 1758 τῆς
751 1702 1021 1744 τῶνἙνετῶν
1047 1702 1294 1755 γερουσίας,
1334 1702 1454 1741 τοῦτο
1494 1698 1543 1754 δὴ
1570 1699 1613 1740 τὸ
1649 1699 1764 1753 ἔργον

326 1769 591 1824 α’πεκάλυψεν
621 1765 754 1823 αὖτήν
781 1771 854 1809 καί
881 1765 991 1822 α’ρχη
1027 1769 1215 1819 κατέστη.
1271 1764 1342 1806 καί
1368 1765 1559 1813 ἐλθόντος
1589 1767 1664 1806 τοῦ
1693 1782 1765 1806 κα-

422 1886 474 1919 13·
499 1882 643 1920 πάντας
664 1877 750 1918 τοὺς
773 1882 861 1926 περὶ
886 1880 911 1913 Ρ
1021 1879 1071 1923 ι4.
1100 1876 1217 1912 αὐτοῦ
1241 1888 1297 1910 om
1325 1877 1349 1909 P
1450 1878 1500 1912 15,
1528 1875 1766 1924 λεγόμενονΡ

418 1941 475 1963 20.
504 1927 732 1976 Καλαμόνου
758 1927 782 1959 Ρ

323 2026 387 2072 qui
418 2036 497 2059 eum
528 2023 806 2062 comitabantur,
841 2022 972 2054 victum
1000 2019 1188 2058 haberent,
1216 2029 1378 2062 magnam
1405 2019 1554 2058 Aenum,
1579 2018 1763 2058 Lemnum,

321 2072 478 2106 Imbrum
511 2078 547 2105 et
584 2069 838 2104 Samothracen
873 2067 1032 2100 donavit.
1091 2065 1219 2099 Davidi
1243 2065 1426 2098 comneno
1453 2070 1600 2105 autem,
1626 2065 1765 2109 Trape-

321 2120 524 2153 zuntiorum
550 2118 644 2162 regi,
669 2117 726 2150 cui
753 2121 790 2149 et
812 2115 881 2160 ipsi
906 2115 984 2147 loca
1009 2113 1184 2159 quaedam
1211 2112 1350 2153 tribuit,
1373 2111 1419 2144 ad
1443 2117 1600 2144 montem
1626 2112 1765 2155 nigrum

323 2166 546 2200 domicilium
570 2164 782 2208 assignavit:
808 2173 914 2208 quem
940 2166 1059 2194 tamen
1086 2160 1187 2192 brevi
1210 2164 1302 2204 post,
1328 2164 1468 2204 reperta
1492 2159 1659 2192 adversus
1684 2169 1765 2191 eum

324 2225 430 2247 causa
454 2211 606 2258 quadam
629 2211 729 2252 falsa,
751 2209 982 2242 facultatibus
1009 2206 1175 2240 omnibus
1208 2206 1420 2252 spoliatum,
1458 2207 1620 2238 suffocari
1649 2205 1763 2238 iussit.

324 2272 407 2296 vere
436 2259 596 2293 eiusdem
631 2258 715 2291 anni
742 2258 780 2290 in
812 2267 970 2299 magnam
996 2253 1204 2288 valachiam
1235 2253 1419 2294 concessit,
1454 2250 1633 2296 rebusque
1659 2251 1765 2284 huius

324 2308 529 2354 provinciae
559 2305 744 2345 ordinatis,
770 2314 930 2337 reversus
958 2307 1012 2335 est
1035 2308 1073 2335 et
1099 2301 1247 2334 classem
1274 2299 1460 2341 exstruxit,
1482 2309 1588 2344 quae,
1611 2298 1767 2332 Lesbum

325 2356 453 2395 missa,
480 2365 558 2387 eam
582 2353 737 2386 insulam
760 2351 797 2383 in
820 2355 1033 2395 potestatem
1062 2347 1209 2392 redegit.

420 2413 476 2434 20.
524 2399 719 2434 Novembri
742 2396 901 2430 eiusdem
927 2396 1009 2428 anni
1037 2397 1123 2440 697¹
1150 2395 1306 2433 Amres,
1330 2391 1549 2426 Turachanis
1574 2392 1683 2433 filius,
1707 2392 1768 2425 in·-

327 2450 491 2482 cursione
517 2449 622 2488 facta,
649 2456 790 2480 omnem
813 2444 991 2487 regionem
1007 2442 1192 2486 Naupacto
1217 2441 1380 2473 Aetoliae
1399 2439 1633 2480 adiacentem,
1659 2450 1766 2484 quam

327 2496 493 2529 Galatam
520 2494 663 2534 dicunt,
694 2491 897 2537 occupavit,
925 2501 990 2522 nec
1015 2489 1110 2521 solos
1136 2488 1311 2527 Venetos,
1343 2486 1405 2520 sed
1429 2488 1535 2520 etiam
1559 2486 1767 2520 tributarios

327 2542 397 2574 sibi
435 2542 571 2575 incolas
609 2540 736 2585 oppidi
769 2548 897 2583 parvae
917 2535 1135 2576 Valachiae,
1175 2533 1273 2580 quod
1305 2533 1521 2567 Phlaburum
1548 2533 1764 2578 appellatur.

326 2588 426 2634 quod
452 2594 491 2622 ut
519 2589 685 2632 cognovit
709 2587 925 2620 Venetarum
958 2583 1156 2616 triremium
1178 2581 1388 2626 praefectus,
1420 2581 1554 2614 auxilio
1583 2579 1765 2613 advolavit

327 2642 365 2668 et
391 2636 513 2668 urbem
541 2645 680 2668 amen-ae
707 2645 724 2667 e
751 2633 895 2676 regione
937 2631 1061 2670 sitam,
1096 2630 1283 2661 ssostitzam
1322 2628 1490 2667 nomine,
1527 2626 1671 2660 adortus
1706 2627 1764 2660 in-

327 2681 469 2721 cendit,
514 2688 699 2726 totamque
736 2679 922 2724 occupavit
956 2681 1098 2723 praeter
1139 2676 1253 2708 solum
1275 2675 1410 2708 Culam.
1459 2674 1596 2707 incolas
1633 2672 1766 2706 deinde

327 2729 550 2774 Naupactum
575 2727 749 2762 abductos
787 2738 866 2760 cum
893 2724 966 2759 suis
1003 2726 1241 2757 commutavit.
1292 2727 1448 2756 ceterum
1471 2719 1570 2755 bello
1598 2732 1618 2753 a
1642 2726 1767 2754 senatu
