1806 3190
303 121 410 176 232
715 137 943 179 GEonGu
982 135 1302 177 PHRANTZAE

298 237 530 279 σκάνδαλον
557 240 611 278 δι’
639 231 688 278 οὗ
711 233 1065 291 προξενηθήσεται
1087 231 1197 288 λύπη
1225 234 1280 290 τῷ
1307 231 1448 288 κράτει
1466 248 1557 285 σου,
1586 231 1644 286 μή
1674 235 1741 287 γέ-

297 318 410 345 νοιτο
450 304 510 352 εἰς
541 302 609 344 τὸν
638 303 798 355 αἰῶνα,
835 299 943 342 α’λλά
971 303 1131 353 μᾶλλον
1155 299 1226 340 καί
1254 297 1299 340 τὸ
1332 300 1467 352 δέρμα
1495 314 1578 352 μου
1613 300 1739 355 α’φαί·

297 384 432 422 ρεσον,
462 371 502 410 εἰ
528 370 586 416 εἰς
627 365 794 422 εἰρήνην
832 369 905 408 καί
931 364 1197 422 εὖφροσύνην
1240 368 1292 422 τῇ
1316 367 1506 424 βασιλείᾳ
1533 381 1610 407 σου
1639 364 1740 420 εἴη.”

297 434 320 475 ὁ
352 435 397 476 δὲ
428 430 517 475 εἶπέ
545 450 617 485 μοι
641 432 726 481 “aig
750 431 895 482 πιστὸς
923 433 1120 486 θεράπων
1140 431 1321 486 εἴρηκας.
1378 429 1493 484 ὅμως
1518 431 1578 486 μή
1607 431 1738 487 φρόν-

295 503 382 551 τιζε
410 501 507 551 περί
535 498 682 539 τούτου
711 499 852 541 οὐδέν·
911 500 1125 551 λυποῦμαι
1157 497 1237 552 γάρ
1267 500 1355 546 πῶς
1381 497 1440 552 μή
1469 498 1776 552 molestato-5

293 566 415 617 με’νοι
443 563 516 612 τὰς
547 562 651 617 πρός
671 580 723 616 με
754 564 961 613 τοσαύτας
989 563 1105 619 παρὰ
1135 566 1215 606 σοῦ
1243 566 1474 617 θεραπείας
1499 565 1572 605 καί
1597 562 1741 618 φιλίας

294 630 518 682 βούλονται
555 629 660 671 κατὰ
702 627 920 684 σύγκρισιν
945 633 1029 672 τῶν
1065 631 1149 672 σῶν
1174 635 1266 679 ταῖς
1295 625 1455 671 ἑαυτῶν
1481 626 1742 684 ὗπολῆψεσιν

294 697 514 749 ἀποπηδᾶν
552 693 653 745 τοὺς
693 695 975 750 προσήκοντας
1011 694 1208 749 [summi-g
1248 697 1331 737 τῶν
1359 694 1580 751 ὄφφικίων.
1634 692 1742 749 πλὴν

295 762 574 815 προσκάλεσον
603 763 788 804 ἐνταῦθα
806 762 877 804 τὸν
904 760 955 803 τά
986 761 1139 816 ταύτης
1160 763 1234 816 τῆς
1262 761 1493 817 ὑπηρεσίας
1519 763 1741 813 ἐμπιστευ-

294 829 421 868 {fc-‘uta
451 825 680 881 νοτάριον.”
735 831 806 869 καί
831 826 970 869 ἐλθών
999 826 1021 869 ὁ
1065 825 1267 881 νοτάριος,
1303 826 1537 880 προστάξας
1567 825 1588 866 ὃ
1617 829 1738 878 βασι·
1758 844 1785 871 ιι

296 891 390 940 λεύς
423 889 538 934 εἶπεν
567 893 679 950 αὐτῷ
699 890 979 947 “προείπομε’ν
1006 909 1074 936 σοι
1109 892 1210 948 πρὸς
1238 895 1333 935 τίνα
1363 893 1434 934 καί
1458 894 1548 935 τίνα
1578 891 1665 933 ἔδει
1693 908 1740 934 σε

295 956 475 1012 γράφειν
503 957 578 1006 τὰς
604 960 677 1012 τῆς
702 958 880 1007 πίστεως
905 959 1139 1011 ἐπιστολάς,
1170 955 1231 1007 οἷς
1256 958 1420 1012 γράψον
1449 954 1514 999 ὅτι
1544 961 1743 1009 μέλλουσι

298 1028 453 1075 μαθεῖν
491 1022 537 1064 τὸ
568 1026 651 1064 πᾶν
689 1022 768 1065 ὑπὸ
816 1024 888 1065 τοῦ
932 1023 1115 1077 μεγάλου
1158 1027 1379 1078 λογοθέτου
1421 1026 1461 1066 Γ
1461 1023 1634 1078 εωργίου
1665 1024 1743 1064 τοῦ

303 1090 516 1143 Φραντζῆ.
579 1089 651 1131 καί
690 1091 730 1131 εἰ
761 1092 838 1141 μὲν
880 1087 1071 1143 ζήσωμεν
1108 1088 1180 1130 καί
1211 1089 1369 1143 πρόσω,
1409 1087 1585 1143 γράψεις
1612 1086 1742 1131 αὐτὸν

299 1155 371 1195 καί
402 1156 582 1209 συγγενῆ
612 1155 729 1209 ἡμῶν
755 1150 876 1196 εἶναι.
949 1157 1019 1196 καὶ
1050 1156 1123 1196 ἐάν
1159 1172 1241 1196 τινι
1278 1155 1351 1195 οὐκ
1394 1157 1547 1211 α’ρέσῃ,
1579 1151 1785 1205 ἅκοντεςι,

300 1219 568 1272 ὑπομείνωσι,
602 1222 675 1262 καί
701 1221 798 1262 α’ντί
816 1222 1011 1275 νέκταρος
1037 1217 1064 1274 ἢ
1090 1223 1330 1274 μυρεψικοῦ
1358 1223 1488 1263 ποτοῦ
1516 1219 1590 1275 τήν
1613 1219 1744 1276 χολὴν

301 1288 629 1326 καταπιέτωσαν.
687 1288 726 1328 εἰ
751 1285 808 1340 μὴ
841 1289 913 1327 καί
935 1284 1003 1339 σύ,
1032 1285 1207 1341 νοτάριε,
1237 1285 1308 1340 ἔχε
1331 1289 1452 1328 τοῦτο
1472 1286 1527 1336 ὦς
1557 1287 1744 1341 ἀπόκρυ-

301 1366 381 1406 φον
409 1351 536 1404 μέχρι
573 1351 739 1406 ἡμερῶν
776 1351 940 1393 τινῶν.”
1003 1353 1075 1393 καί
1106 1351 1505 1406 συγκατασκευάσας
1533 1351 1586 1394 τοὶ
1616 1345 1746 1408 πράγ-

296 1434 410 1470 ματα
443 1415 574 1470 ἔλαβα
604 1419 738 1470 affui,
767 1416 838 1459 καὶ
865 1415 1144 1472 προσεδόκουν
1172 1420 1353 1472 σήμερον
1381 1414 1407 1472 ἢ
1436 1414 1583 1473 αὔριον
1614 1433 1746 1474 προσ-

299 1485 477 1538 κυνῆσαι
513 1486 570 1540 τῷ
606 1487 779 1537 βασιλεῖ’
812 1479 942 1539 ἤγουν
970 1488 1113 1537 λαβεῖν
1143 1481 1287 1525 ἄδειαν
1313 1486 1379 1526 ἵνα
1409 1485 1596 1527 ἀπέλθω.
1639 1482 1785 1532 'idaim

299 1551 447 1604 ἐξῆλθε
476 1551 550 1604 τῆς
569 1546 984 1604 Ἀνὸριανουπόλεως
1023 1548 1046 1590 ὅ
1078 1551 1246 1605 α’μηρᾶς
1279 1552 1462 1603 βαδιζων
1490 1553 1586 1592 καθ’
1614 1550 1743 1605 ἡμῶν.

300 1617 374 1658 καί
399 1618 724 1670 προσμείναντες
751 1617 888 1670 ὀλίγον
915 1616 983 1658 ἵνα
1005 1615 1174 1670 ἴδωμεν,
1203 1615 1262 1672 μή
1283 1632 1382 1660 ποτε
1412 1616 1517 1659 κατὰ
1546 1617 1622 1672 τὴν
1650 1615 1746 1659 ὁδὸν

300 1680 532 1739 συναντήσῃ
561 1681 660 1737 ἡμῖν
688 1700 727 1725 τι
755 1684 1017 1725 α’πευκταΐον.

398 1794 430 1827 7.
457 1781 582 1823 αὐταῖς
608 1783 633 1816 Ρ
733 1782 784 1821 14.
816 1784 964 1830 wem&
986 1785 1012 1818 Ρ
1136 1787 1185 1820 15.
1213 1784 1311 1821 εἶναι
1334 1796 1391 1818 om
1407 1786 1431 1820 P
1554 1785 1602 1820 18.
1626 1784 1746 1833 γράμ-

393 1842 497 1876 ματα
526 1831 551 1863 Ρ
645 1833 702 1864 23.
725 1828 766 1867 τὸ
796 1830 821 1863 Ρ

304 1920 411 1954 quam
445 1920 491 1943 ne
524 1910 606 1951 fiat,
632 1910 730 1955 quod
753 1911 958 1953 meditaris,
998 1912 1069 1944 imo
1099 1912 1221 1956 potius
1245 1911 1377 1956 pellem
1402 1910 1489 1944 mihi
1513 1910 1689 1953 detrahas,
1717 1913 1746 1946 si

304 1956 350 1988 ad
375 1957 569 1990 maiestatis
593 1963 676 1991 tuae
702 1959 1002 2003 tranquillitatem
1021 1965 1057 1992 et
1077 1971 1200 2004 pacem
1219 1956 1427 1992 conducat.”
1452 1963 1527 1991 tum
1552 1959 1744 2003 imperator

298 2001 365 2035 “ut
386 2002 585 2044 minister,”
613 2005 675 2046 ait,
695 2004 845 2039 “fidelis
870 2006 1011 2039 locutus
1038 2017 1086 2039 es.
1119 2005 1183 2039 sed
1215 2017 1260 2039 ne
1294 2006 1361 2039 tibi
1386 2006 1455 2038 ista
1484 2016 1539 2038 res
1569 2017 1673 2039 curae
1697 2007 1742 2040 sit

304 2050 380 2083 ullo
403 2049 523 2083 modo.
551 2051 656 2084 doleo
689 2052 804 2094 enim,
829 2053 927 2097 quod
956 2052 1049 2086 nihil
1083 2053 1409 2099 circumspicientes
1439 2057 1540 2086 tanta
1577 2058 1638 2089 tua
1661 2064 1740 2097 erga

303 2106 360 2129 ine
389 2097 508 2130 officia
531 2102 568 2131 et
594 2098 779 2144 obsequia,
809 2105 845 2132 et
858 2106 998 2133 tuorum
1021 2101 1228 2134 meritorum
1251 2099 1551 2144 comparationem
1574 2102 1739 2134 affectan-

303 2149 369 2184 tes,
395 2145 521 2178 animis
559 2144 686 2188 gradus
714 2146 915 2180 officiorum
955 2147 1208 2180 convenientes
1243 2147 1440 2180 transsilire
1467 2152 1651 2180 conantur.
1676 2158 1739 2180 ve>-

302 2201 379 2223 rum
404 2202 540 2224 arcesse
566 2191 636 2225 huc
669 2192 739 2226 iam
768 2204 917 2226 munere
948 2194 1015 2227 hoc
1047 2195 1255 2238 fungentem
1289 2191 1501 2227 notarium?
1538 2195 1738 2228 venientem

301 2238 479 2272 notarium
504 2238 696 2283 imperator
730 2240 779 2273 ita
813 2241 988 2274 allocutus
1014 2248 1087 2275 est:
1107 2241 1217 2274 “ante
1251 2240 1319 2274 tibi
1342 2240 1626 2284 significavimus,
1648 2252 1738 2286 quae

303 2290 340 2316 et
371 2284 416 2317 ad
446 2296 536 2330 quos
577 2285 743 2330 publicae
788 2286 873 2321 fidei
913 2289 1074 2333 epistolis
1104 2289 1172 2322 tibi
1200 2287 1384 2321 scribenda
1423 2289 1515 2322 sint:
1553 2287 1608 2322 his
1635 2287 1737 2330 adde,

302 2343 362 2363 eos
383 2337 494 2365 totam
520 2343 592 2365 rem
615 2334 817 2377 cognituros
844 2346 919 2368 esse
958 2346 976 2367 e
1002 2336 1157 2380 Georgio
1182 2335 1353 2370 Phrantze
1380 2346 1507 2380 magno
1532 2335 1738 2379 logotheta3

301 2389 341 2409 ac
365 2378 394 2411 si
420 2379 493 2413 vita
526 2379 824 2425 suppeditaverit,
848 2381 980 2415 scribes
1016 2383 1135 2423 etiam,
1171 2381 1323 2415 eundem
1347 2382 1452 2416 nobis
1480 2382 1622 2416 affinem
1649 2393 1735 2416 esse.

300 2423 370 2456 hoc
393 2426 450 2458 cui
481 2425 714 2471 displicuerit,
737 2428 896 2472 ringatur
923 2429 1018 2471 licet,
1045 2435 1081 2463 et
1105 2441 1170 2474 pro
1193 2434 1338 2462 nectare
1363 2435 1425 2463 aut
1438 2435 1526 2474 potu
1548 2430 1736 2464 aromatico

300 2470 411 2504 bilem
440 2480 649 2518 concoquat.
685 2480 722 2508 at
753 2480 793 2507 tu
825 2486 987 2520 quoque,
1020 2477 1180 2516 notarie,
1223 2476 1293 2509 hoc
1327 2476 1403 2510 dies
1429 2477 1568 2521 aliquot
1591 2477 1736 2514 silentio

300 2518 413 2561 tege.”
439 2519 546 2553 rebus
574 2519 706 2554 deinde
734 2521 925 2563 adornatis,
953 2523 1146 2556 instructus
1172 2524 1213 2556 iis
1239 2535 1314 2556 sum
1340 2529 1448 2569 atque
1475 2524 1735 2568 exspectabam,

300 2574 343 2596 eo
369 2567 446 2610 ipso
483 2567 542 2600 die
566 2573 629 2601 aut
655 2568 828 2613 postridie
860 2580 915 2603 me
948 2569 1176 2603 adoraturum
1217 2571 1466 2615 imperatorem
1502 2576 1539 2603 et
1576 2570 1732 2604 abeundi

298 2617 514 2654 potestatem
539 2620 767 2660 accepturum
793 2627 882 2656 esse,
909 2628 1019 2663 quum
1043 2618 1162 2650 subito
1191 2617 1426 2663 Adrianopoli
1453 2628 1612 2662 egressus
1635 2628 1731 2652 ame-

298 2669 355 2689 ras
384 2658 550 2693 adversus
576 2673 641 2694 nos
668 2662 915 2707 proficiscitur.
948 2665 1072 2709 itaque
1104 2664 1313 2709 praestolati
1350 2676 1469 2700 sumus
1502 2664 1732 2711 aliquamdiu,

299 2715 343 2736 ne
369 2704 461 2739 sorte
495 2707 532 2740 in
556 2708 685 2742 itinere
713 2711 935 2756 contingeret
962 2711 1066 2745 nobis
1101 2711 1189 2756 quid
1216 2711 1423 2753 infaustum.
