1806 3190
296 150 398 206 150
696 165 922 207 Gssoneu
962 159 1284 204 PHRANTZAE

285 270 396 323 γρῶν
427 267 560 314 κακῶς
593 265 826 314 ἐδεξιοῦντο
859 262 988 315 ἡμᾶς,
1017 262 1110 302 α’λλ’
1137 260 1259 302 οὐδὲν
1284 258 1475 312 ἔβλαψαν
1493 278 1502 288 ·
1570 260 1609 303 οἱ
1635 259 1716 315 γάρ

284 335 361 374 τοῦ
386 331 689 386 μητροπολίτου
721 326 999 381 κρατήσαντες
1028 324 1074 366 τὸ
1109 323 1340 380 φρούριον,
1382 324 1442 368 ἔτι
1478 327 1526 368 δὲ
1556 325 1628 368 καί
1664 324 1716 369 zoi

286 394 506 440 αὖθεντικὰ
540 393 719 434 παλάτια
746 392 796 434 τά
820 393 990 447 πλησίον
1010 390 1139 434 αὐτοῦ
1166 390 1371 444 οἰκήματα
1397 391 1720 445 σιταρχήσαντεζ

283 465 356 504 καί
379 457 686 517 ἅφιερώσαντες
711 461 930 511 κατέσχον,
959 457 1188 509 ἐλπίζοντες
1222 454 1287 498 ὅτι
1317 458 1511 506 ἐλθόντος
1536 460 1610 500 τοῦ
1633 474 1716 512 μη..

282 527 519 581 τροπολίτου
567 522 639 564 διὰ
685 524 836 566 τούτου
867 522 991 566 πάλιν
1023 521 1183 576 λα’βωσι
1222 522 1268 563 τὸ
1301 524 1572 576 πτολίεθρον,
1614 518 1756 578 ὅπερῦ
1805 543 1806 564 i

282 595 353 634 καί
379 589 578 644 πρότερον
619 586 746 644 εἶχον.
822 590 942 645 ἡμῶν
979 591 1024 631 δὲ
1053 590 1122 630 ἐπί
1149 587 1222 643 τήν
1250 586 1396 642 αὔριον
1423 592 1719 642 συναχθέντων

282 662 327 700 ἑν
353 658 410 714 τῷ
436 658 514 697 τοῦ
551 654 670 708 ἁγίου
700 656 911 698 Νικολάου
953 657 1063 712 ναῷ,
1105 658 1176 697 καί
1206 654 1361 704 παντὸς
1387 656 1462 697 τοῦ
1491 658 1572 696 τῶν
1600 659 1718 697 πολι-

280 725 360 765 τῶν
389 721 523 776 δήμου
544 752 554 770 ,
599 717 768 774 ὤμοσαν
805 721 908 774 μετὰ
952 719 1087 775 ὅρκων
1125 723 1177 763 ἵν’
1207 718 1285 762 αἷσι
1314 721 1452 763 πιστοὶ
1479 723 1620 764 δοῦλοι
1647 723 1722 763 καί

277 787 544 830 &notamini
572 790 647 828 τοῦ
675 788 881 830 αὕθὲντου
910 785 1026 842 ἡμῶν
1054 789 1128 828 τοῦ
1169 788 1393 829 δεσπότου·
1449 784 1540 828 εἶτα
1569 786 1717 840 ἐζήτη-

277 871 355 896 σαν
381 853 487 904 κάμὲ
514 856 589 893 τοῦ
630 853 782 907 κρίνειν
809 854 853 895 ἐν
883 854 1024 901 αὐτοῖς
1063 853 1134 894 καί
1162 853 1335 895 ἰθύνειν.
1390 852 1411 894 ὁ
1440 854 1487 895 δὲ
1515 852 1718 907 αὐθέντης
1736 868 1784 895 ιο

276 935 359 973 μου
391 918 637 972 ἀπεκρίνατο
676 920 803 972 λέγων
841 918 940 959 “nal
978 921 1136 970 μᾶλλον
1166 921 1284 959 τοῦτο
1328 918 1443 975 αὐτῷ
1471 916 1717 973 ὀφείλομεν,

276 984 349 1026 καί
372 983 498 1037 χάριν
515 985 584 1037 τῆς
613 984 731 1036 ὑμῶν
751 984 950 1037 αἰτήσεως
977 982 1118 1025 ἔσεται
1136 983 1265 1031 αὐτὸς
1293 987 1353 1032 εἰς
1369 982 1558 1039 κεφαλήν
1578 982 1721 1035 ὖμῖν.”

277 1054 329 1106 τῇ
361 1051 407 1091 δὲ
451 1048 576 1105 ὀγδόῃ
614 1052 688 1090 τοῦ
725 1050 856 1090 αὐτοῦ
886 1050 1055 1090 Ἰουνίου
1085 1048 1216 1104 μηνὸς
1254 1051 1524 1102 διερχομένου
1552 1066 1635 1102 μου
1659 1050 1720 1098 εἰς

278 1113 555 1166 Ναύπακτον,
587 1113 654 1155 ἵνα
687 1112 787 1168 πρὸς
814 1114 884 1156 τὸν
913 1116 1089 1167 βασιλέα
1126 1118 1287 1166 πρῶτον
1316 1115 1487 1156 ἀπέλθω
1514 1113 1720 1157 α’κουστόν

278 1182 452 1234 ποιῆσαι
480 1180 595 1236 αὐτῷ
632 1178 683 1221 τὰ
723 1181 767 1222 έν
794 1182 841 1236 τῇ
868 1180 1023 1237 Πατρᾳ
1062 1178 1517 1235 παρακολουθήσαντα,
1544 1176 1618 1222 εἶτ’
1645 1180 1720 1222 εἶπ’
1737 1183 1784 1225 15

279 1249 412 1288 ἐκεῖσε
443 1250 532 1297 μετ’
564 1242 762 1298 ἄρχοντος
792 1247 924 1288 αὐτοῦ
951 1245 1056 1300 πρὸς
1087 1246 1156 1288 τὸν
1185 1247 1376 1300 α’μηρᾶν,
1416 1244 1519 1289 κατὰ
1547 1245 1624 1300 τὴν
1651 1261 1719 1288 τε·

278 1311 433 1366 τάρτην
466 1313 539 1352 τοῦ
571 1311 706 1352 αὐτοῦ
748 1310 881 1366 μηνὸς
922 1311 1167 1367 φθάσαντες
1209 1314 1427 1365 ἐμείναμεν
1465 1314 1509 1355 ἑν
1550 1314 1606 1368 τῷ
1643 1313 1721 1354 τοῦ

277 1374 398 1428 ἁγίου
423 1374 622 1431 Ἀνδρέου
651 1378 748 1434 ναῷ.
807 1377 898 1420 ἰδού
928 1379 1000 1419 καί
1037 1379 1113 1419 δύο
1147 1380 1322 1432 Τοῦρκοι
1351 1377 1615 1432 διερχόμενοι
1643 1376 1719 1432 τὴν

276 1440 553 1496 Ναύπακτον,
582 1442 603 1484 ὅ
624 1444 701 1495 μὲν
728 1446 802 1484 τοῦ
830 1444 973 1498 οἷμηρᾶ
996 1442 1017 1484 ὃ
1050 1445 1096 1484 δὲ
1124 1446 1201 1484 τοῦ
1235 1442 1501 1498 Τουραχοίνη,
1532 1459 1718 1498 προσαγ-

274 1510 483 1562 γέλλοντες
505 1509 549 1550 ἐν
577 1508 859 1562 προστάγματι
887 1510 954 1550 ἵνα
983 1509 1041 1564 μὴ
1074 1508 1148 1564 τήν
1175 1511 1354 1564 Πάτραν
1381 1509 1713 1563 παραλάβωμεν.
1731 1529 1785 1556 20

277 1574 425 1621 οἵτινες
454 1575 500 1614 δὲ
542 1572 666 1615 πάλιν
701 1574 969 1628 ὑπέστρεψαν
1005 1578 1094 1627 μετ’
1135 1576 1240 1628 ἐμοῦ
1272 1574 1497 1630 α’πολογίαν
1524 1574 1720 1629 λαβόντες

277 1635 466 1690 τοιάνδε,
496 1634 559 1679 ὅτι
586 1640 678 1679 ἐπεί
705 1638 725 1680 ὃ
767 1638 915 1694 παρών
951 1640 1069 1694 ἡμῶν
1100 1636 1243 1693 ἄρχων
1271 1643 1496 1695 α’πέρχεται
1524 1639 1626 1694 πρὸς
1651 1639 1722 1683 τὸν

277 1703 461 1760 α’δελφόν
485 1719 569 1756 μου
597 1702 668 1746 τὸν
694 1706 827 1759 μέγαν
859 1706 1024 1760 α’μηρᾶν
1055 1706 1276 1762 (δεικνύων
1305 1709 1380 1760 ἐμὲ
1407 1706 1488 1764 ἔφη
1518 1704 1663 1756 αὐτοῖς
1692 1707 1715 1747 ὅ

370 1854 403 1895 4.
431 1851 702 1898 ἀφηρώσαντες
727 1855 751 1886 Ρ
883 1857 914 1890 5.
941 1855 1070 1891 τούτου
1098 1859 1199 1893 ἔστιν
1231 1857 1345 1893 πάλιν
1372 1858 1408 1891 Μ
1524 1870 1560 1904 9.
1583 1857 1632 1904 τῷ
1652 1855 1718 1892 αὖ·

369 1902 478 1946 θέντῃ
504 1900 608 1946 ἡμῶν
635 1905 696 1935 καὶ
725 1900 881 1949 δεσπότῃ
906 1903 931 1935 Ρ

277 2015 499 2061 arcubusque
534 2017 737 2051 balearibus
766 2019 857 2052 maie
894 2030 960 2051 nos
999 2020 1244 2064 excipiebant,
1282 2031 1348 2054 nec
1373 2019 1566 2054 laedebant
1589 2025 1719 2055 tamen.

275 2075 356 2096 nam
393 2064 455 2108 qui
485 2074 505 2096 a
537 2066 764 2109 metropolita
811 2066 971 2107 stabant,
1009 2068 1192 2099 castellum
1224 2073 1436 2112 occuparant
1469 2073 1506 2100 et
1539 2073 1722 2112 praeterea

267 2111 411 2155 ¹palatia
444 2111 614 2156 principis
650 2113 689 2144 in
734 2112 831 2145 illius
865 2114 996 2146 vicinia
1033 2114 1243 2156 aedificata,
1283 2126 1345 2159 spe
1389 2114 1502 2154 ducti,
1543 2115 1620 2148 fore
1657 2121 1722 2157 ut,

275 2169 384 2202 quium
426 2156 576 2190 redisset
598 2160 847 2203 metropolita,
893 2159 998 2192 huius
1033 2163 1244 2194 auctoritate
1274 2161 1464 2206 oppidum,
1491 2161 1588 2206 quod
1613 2164 1720 2195 etiam

273 2205 372 2248 prius
397 2208 607 2245 tenuerant,
649 2207 855 2250 reciperent.
896 2211 1037 2251 postera
1070 2209 1149 2241 luce
1182 2214 1256 2242 tota
1299 2210 1433 2248 civitas,
1465 2207 1651 2241 nobiscum
1680 2209 1719 2242 in

274 2250 362 2283 aede
387 2251 500 2284 sancti
527 2251 664 2285 Nicolai
691 2259 913 2296 congregata,
939 2255 1165 2288 sacramentis
1193 2255 1298 2288 fidem
1324 2261 1359 2288 et
1385 2254 1628 2288 obedientiam
1655 2255 1722 2288 ad..

275 2297 364 2330 dixit
390 2297 581 2342 despotne,
619 2298 763 2332 domino
800 2306 934 2333 nostro.
970 2300 1100 2334 deinde
1127 2314 1235 2347 quum
1262 2313 1317 2334 me
1345 2302 1563 2346 praesectum
1589 2307 1626 2335 et
1653 2312 1720 2346 gu·

273 2342 500 2377 bernatorem
526 2344 594 2377 sibi
623 2351 844 2390 exoptarent,
874 2347 1056 2391 respondit
1083 2348 1245 2381 dominus
1269 2361 1387 2381 meus:
1410 2347 1472 2381 “et
1498 2349 1567 2394 ipsi
1593 2347 1717 2382 admo-

255 2389 356 2423 'dum
385 2390 453 2424 hoc
490 2391 630 2434 debeo,
668 2398 706 2425 et
736 2394 943 2438 petentibus
978 2394 1078 2427 vobis
1112 2396 1309 2436 satisfacio,
1343 2402 1382 2428 ut
1415 2395 1518 2428 vobis
1550 2394 1716 2440 praesit.”

272 2447 380 2482 quum
406 2443 529 2471 octavo
555 2438 616 2472 die
640 2439 797 2472 eiusdem
821 2442 951 2473 mensis
984 2442 1077 2474 Iunii
1110 2442 1331 2486 Naupactum
1357 2442 1614 2482 discessissem,
1637 2443 1715 2486 pri-

268 2493 364 2517 mum
403 2484 608 2529 imperatori
646 2486 810 2520 nuntium
848 2488 1020 2520 allaturus
1056 2488 1099 2520 de
1125 2489 1228 2522 rebus
1257 2489 1301 2521 ad
1336 2491 1471 2523 Patram
1505 2489 1714 2529 transactis,

270 2528 401 2563 deinde
426 2542 504 2563 cum
524 2544 596 2566 uno
621 2543 640 2566 e
671 2533 878 2577 proceribus
904 2535 979 2568 eius
1004 2535 1225 2579 profecturus
1250 2536 1293 2568 ad
1319 2547 1480 2575 ameram,
1499 2534 1560 2568 die
1585 2541 1715 2580 quarto

268 2576 344 2608 eius
378 2578 511 2611 mensis
552 2579 591 2612 in
623 2580 758 2625 templo
795 2581 906 2614 sancti
933 2581 1094 2614 Andreae
1130 2584 1334 2616 commorati
1381 2593 1511 2615 sumus.
1556 2581 1714 2615 advene-

267 2627 350 2655 runt
386 2628 461 2656 turn
498 2625 721 2671 Naupactum
761 2626 854 2660 forte
894 2627 967 2661 duo
1002 2628 1159 2669 Turcae,
1201 2635 1362 2663 vetantes
1407 2640 1498 2662 unus
1554 2639 1715 2670 amer-ae,

265 2668 357 2700 alter
380 2670 596 2704 anachanis
631 2674 794 2714 nomine,
827 2686 872 2707 ne
904 2674 1040 2708 Patram
1081 2676 1115 2708 in
1142 2676 1313 2708 ditionem
1346 2681 1500 2710 nostram
1535 2676 1606 2709 acci
1634 2686 1713 2709 ere-

265 2724 353 2748 mus.
401 2715 438 2749 hi
462 2728 598 2751 mecum
623 2719 772 2760 reversi,
799 2721 871 2754 tale
899 2722 1169 2756 aConstantino
1198 2735 1403 2767 responsum
1432 2723 1571 2756 ferunt:
1591 2721 1712 2767 ‘quo-
