1806 3190
267 225 330 280 15
677 241 905 283 omnen
946 242 1261 282 PnRANTZAE

258 342 475 396 ρελθόντος
504 343 612 384 πάνυ
640 341 779 394 ὀλίγου
811 339 883 390 καί
905 339 943 381 οἱ
971 339 1020 381 τά
1043 346 1220 396 παντοῖα
1248 339 1353 380 κακά
1374 340 1691 395 συρράπτοντες,

257 411 330 449 καί
353 423 458 456 τινες
486 409 566 449 ταῖν
607 409 650 448 ἐν
691 406 784 461 δόξῃ
813 407 886 447 καί
910 407 1053 459 γένους
1087 405 1195 461 [καὶ]
1241 405 1504 460 λαμπρότητι
1543 404 1694 462 ὑπερέ-

255 490 396 527 χοντες
427 476 669 521 καθίσαντες
699 470 827 513 αὐτὸν
853 471 923 514 ὲπί
949 473 1124 520 α’σπίὸός
1150 474 1327 524 βασιλέα
1356 470 1695 527 α’ναγορεύουσιν.

256 538 435 587 ἀκούσας
468 541 513 580 δὲ
542 538 565 578 ὅ
595 537 856 593 πατριάρχης
886 538 1093 591 Ἀρσένιος
1123 537 1198 591 την
1225 536 1425 591 τοιαύτην
1451 537 1695 592 παράνομον

258 605 532 657 α’ναγόρευσιν
559 606 677 659 ξίφος
705 603 761 652 ὥς
785 604 915 645 εἰπεῖν
943 602 1128 656 χαλεπὸν
1167 603 1332 653 έὸέξατο
1363 602 1466 644 κατὰ
1492 606 1568 658 τῆς
1594 609 1734 658 κάρ-5

256 670 372 720 ὸιἀς,
407 685 474 710 και
505 671 549 710 έν
577 670 800 727 αφορισμῶ
828 670 1030 724 φρικώδει
1058 670 1327 721 καθυπὲβαλε
1352 667 1451 717 τούς
1476 684 1522 710 τε
1550 665 1699 723 ἄναγο-

257 748 486 787 ρευσαντας
504 750 570 776 και
592 734 659 776 τὸν
681 736 1006 790 α’νηγορευμένον
1030 749 1088 782 ως
1103 731 1324 787 ἐπιόρκους
1343 733 1415 775 καί
1431 732 1700 789 παρανόμους

256 817 324 841 και
355 799 556 853 ἐπιβάτας
582 816 650 842 και
678 798 899 848 δυνάστας.
926 797 1068 840 ἔπειτα
1098 796 1433 852 βουλευσάμενος
1460 801 1506 841 ἐν
1521 801 1575 856 τῇ
1602 801 1698 842 δια-

255 868 346 908 νοιἀ
381 866 453 906 καί
478 865 583 918 μετά
610 882 732 907 τινων
770 867 840 919 τῆς
878 862 1107 919 συγκλήτου
1147 863 1387 918 ἱερωμένων
1415 879 1460 907 τε
1500 880 1571 906 και
1609 868 1701 907 λαἰ-

253 933 364 983 κῶν,
391 933 552 984 βέλτιον
579 929 758 986 ἡγήσατο
800 929 940 984 ὅρκοις
975 929 1300 985 ἀσφαλίσασθαι
1345 927 1763 986 φρικωδεστάτοιςιο

253 996 327 1051 την
350 1000 423 1039 τοῦ
450 997 598 1045 παιδὸς
629 997 749 1050 ζωήν,
776 994 835 1051 μή
862 1003 1010 1050 χεῖρας
1029 993 1204 1051 ἐπιβάλῃ
1234 996 1460 1050 ἐπιβουλῆς
1486 994 1591 1050 μήτε
1619 1012 1699 1038 πα-

255 1064 547 1116 ρευδοκιζιιησιν
573 1065 646 1116 τῆς
673 1064 889 1115 βασιλείας
920 1061 1054 1102 αὐτοῦ
1092 1057 1120 1114 ἢ
1146 1059 1364 1115 ὗστέρησίν
1387 1076 1477 1103 τινα
1513 1062 1700 1117 ἐνθυμη-

253 1131 324 1184 θῇ.
381 1128 452 1170 καί
484 1125 615 1176 οὕτως
648 1125 841 1181 ἐγεγόνει,
871 1129 943 1168 καί
966 1125 1151 1179 Μιχαὴλ
1185 1125 1256 1166 τὸν
1279 1124 1500 1180 Κομνηνὸν
1528 1128 1701 1175 οἰκείαις

252 1197 403 1248 χερσῖν
431 1193 454 1234 ὁ
481 1191 743 1246 πατριάρχης
776 1190 1002 1246 διαδήματι
1042 1189 1193 1243 ἔστεφε
1221 1192 1276 1247 τῷ
1303 1193 1519 1250 βασιλικῷ,
1549 1194 1623 1234 καί
1649 1193 1702 1233 ου’

252 1258 327 1314 τὴν
367 1259 696 1312 αὖτοκρατοριάν
737 1259 932 1312 διηνεκῶς
971 1256 1224 1310 χαρίζεται,
1261 1255 1366 1299 ἀλλὰ
1404 1255 1474 1298 διὰ
1505 1256 1560 1300 τά
1591 1263 1764 1311 ova-15

252 1325 383 1378 βάντα
413 1325 490 1366 τοῦ
524 1325 676 1378 καιροῦ
696 1355 708 1376 ‚
751 1325 824 1366 καιῗ
859 1324 943 1363 τῶν
980 1322 1236 1376 πραγμάτων
1263 1322 1601 1375 α’ναγκαζόντων,
1630 1324 1702 1365 καί

254 1388 464 1445 διοικητήν
494 1387 622 1431 αὐτὸν
649 1395 765 1430 ποιεῖ
784 1380 890 1440 μετα
920 1389 1110 1439 ἐξουσίας
1137 1388 1383 1441 βασιλικῆς,
1407 1387 1560 1442 μέχρις
1590 1387 1611 1430 ὅ
1630 1389 1702 1444 τῆς

252 1459 468 1509 βασιλείας
503 1452 750 1508 κληρονόμος
788 1453 811 1494 ὁ
851 1451 1015 1507 γνήσιος
1055 1451 1128 1494 καί
1162 1452 1362 1505 ὸίάδοχος
1400 1451 1546 1510 φθάσῃ
1574 1455 1619 1495 ἐν
1645 1455 1701 1510 τῷ

253 1522 499 1574 προσήκοντι
527 1521 657 1574 καιρῷ
676 1532 687 1543 ·
743 1517 833 1560 τότε
874 1520 920 1559 δὲ
949 1519 1261 1572 παραχωρῆσαι
1289 1520 1371 1559 τῶν
1400 1518 1701 1574 αὐτοκρατορι-

254 1590 336 1628 καῖν
361 1587 538 1640 θρονῶν,
567 1585 639 1626 καί
669 1585 751 1626 τῶν
795 1582 945 1638 ἑτέρων
973 1583 1166 1625 ἁπάντων
1202 1585 1433 1636 βασιλικῶν
1459 1583 1697 1638 συμβόλων.
1714 1602 1765 1630 20

252 1651 325 1694 καί
357 1650 435 1692 α’νά
465 1655 593 1703 μέσον
622 1651 774 1692 τούτων
802 1649 926 1692 πάλιν
954 1644 1080 1697 αὖθις
1107 1645 1225 1704 ὅρκοι
1257 1648 1588 1705 φρικωδέστατοι
1616 1651 1701 1693 τῶν

253 1719 465 1773 προτέρων
490 1717 719 1758 ἐτελοῦντο.

343 1807 376 1829 2
399 1793 651 1842 λαμπρότητος
669 1793 706 1826 Μ
799 1795 830 1826 3.
860 1794 921 1828 ἐπὶ
947 1794 1008 1836 τῆς
1030 1792 1192 1832 ἀσπίδος
1208 1794 1244 1834 Ρ,
1271 1795 1333 1839 qui
1365 1795 1402 1828 in
1426 1795 1586 1840 margine
1610 1797 1700 1841 περὶ

342 1839 408 1883 τήν
432 1845 659 1897 ΙνῙαγνησίαν
753 1853 784 1884 7.
812 1844 875 1874 καὶ
900 1846 983 1873 ante
1007 1852 1095 1886 παρ.
1122 1847 1157 1874 et
1185 1843 1238 1875 ἐπ.
1256 1852 1311 1873 om
1340 1841 1363 1873 P
1456 1854 1489 1886 9.
1514 1845 1577 1876 καὶ
1599 1843 1699 1899 prius

343 1901 399 1922 om
425 1889 449 1921 P
526 1899 574 1921 12.
599 1886 619 1930 ἢ
645 1898 703 1920 om
728 1887 765 1918 M
860 1888 909 1919 15.
935 1883 1244 1941 αὐτοκρατορικὴν
1268 1887 1305 1919 Μ
1381 1888 1517 1943 χαρίζ]
1537 1887 1698 1934 ηναγκά-

343 1939 418 1976 ζετο
446 1936 468 1967 P
579 1947 630 1979 ¹9-
654 1934 908 1980 παραχωυήσῃ
939 1934 977 1966 Μ
1070 1932 1134 1969 τὸν
1160 1932 1471 1990 αὐτοκρατορικὸν
1504 1935 1648 1982 θρόνον
1676 1936 1700 1969 Ρ

342 1994 398 2015 20.
426 1981 619 2029 συμβόλων
643 1981 841 2025 βασιλικων
866 1981 890 2014 Ρ
992 1991 1047 2015 2¹.
1058 1984 1176 2027 μέσου
1204 1982 1229 2016 Ρ
1354 1980 1469 2018 πάλιν
1497 1993 1555 2015 om
1582 1983 1608 2015 P

251 2063 445 2108 perexiguo
470 2061 658 2094 interiecto
683 2066 758 2094 tum
784 2060 843 2093 isti
865 2060 1037 2093 malorum
1063 2062 1219 2093 omnium
1245 2059 1506 2094 machinatores
1532 2066 1606 2093 tum
1633 2061 1698 2094 alii

252 2109 419 2142 nonnulli
450 2107 614 2140 homines
640 2109 852 2141 ιιιιεῑοτίῐιῐε
877 2113 914 2140 et
939 2107 1076 2151 generis
1094 2107 1284 2152 splendore
1310 2108 1467 2141 illustres
1485 2107 1698 2141 Micliaelem

252 2157 288 2188 in
314 2156 466 2199 clipeum
493 2154 671 2187 sublatum
697 2155 947 2199 imperatorem
985 2155 1221 2187 consalutant.
1250 2165 1319 2199 qua
1345 2160 1527 2199 comperta
1547 2155 1697 2195 iniuria,

252 2203 419 2236 Arsenius
457 2200 656 2247 patriarcha
696 2202 795 2247 quasi
831 2201 986 2245 gladium
1014 2200 1084 2233 sibi
1117 2201 1155 2234 in
1178 2201 1385 2246 praecordia
1421 2201 1529 2245 defigi
1567 2202 1699 2242 sensit,

251 2255 360 2294 atque
387 2248 623 2282 exsecrationi
645 2247 812 2281 horribili
830 2247 983 2280 subiecit
1001 2253 1037 2280 et
1054 2258 1132 2279 eum
1149 2248 1211 2293 qui
1227 2249 1479 2281 consalutatus‘
1491 2253 1569 2282 erat
1585 2249 1698 2293 impe-

253 2301 366 2335 rator,
393 2301 428 2328 et
452 2306 472 2327 a
497 2294 626 2340 quibus
655 2300 730 2328 erat
755 2295 1016 2335 consalutatus,
1042 2299 1081 2327 ut
1099 2294 1260 2328 homines
1289 2295 1450 2339 periuros
1482 2300 1519 2328 et
1544 2295 1698 2328 iniustos

253 2341 523 2386 seditiososque.
541 2340 672 2374 deinde
704 2353 740 2374 re
767 2340 860 2387 apud
884 2352 920 2373 se
950 2341 1126 2385 pensitata
1150 2347 1187 2374 et
1204 2341 1400 2374 deliberata
1430 2353 1508 2374 cum
1541 2342 1700 2386 proceri·

253 2388 319 2421 hus
343 2389 527 2422 nonnullis
552 2393 627 2421 tum
651 2388 770 2422 clerici
795 2395 870 2421 tum
891 2388 972 2420 laici
998 2387 1144 2428 ordinis,
1169 2389 1279 2421 satius
1309 2387 1549 2421 arbitrabatur
1583 2399 1698 2422 sacra·-

253 2435 383 2468 mentis
423 2435 636 2480 gravissimis
667 2436 772 2480 pueri
810 2434 904 2468 tueri
941 2435 1070 2475 vitam,
1116 2445 1161 2467 ne
1195 2434 1350 2468 Michael
1382 2435 1437 2468 illi
1471 2434 1699 2468 insidiaretur

254 2492 342 2515 neve
372 2482 511 2526 imperii
526 2482 559 2514 ei
586 2481 761 2526 eripiendi
788 2487 849 2515 aut
870 2480 1059 2514 differendi
1092 2482 1279 2514 consilium
1305 2486 1456 2526 caperet.
1497 2492 1568 2526 quo
1591 2481 1699 2520 facto.

254 2527 466 2562 michaelem
503 2529 721 2562 Comnenum
770 2527 969 2573 patriarcha
1020 2529 1093 2572 ipse
1138 2527 1341 2562 diademate
1390 2529 1530 2561 ornavit
1579 2529 1698 2572 regio,

256 2585 324 2608 nec
349 2580 466 2607 tamen
491 2581 700 2620 perpetuam
725 2575 780 2607 illi
805 2574 932 2608 tribuit
958 2586 1033 2607 eam
1061 2574 1292 2619 dignitatem,
1322 2575 1408 2616 sed,
1433 2579 1582 2619 cogente
1606 2580 1697 2608 tem-

256 2632 382 2666 porum
409 2631 597 2666 rerumque
621 2624 778 2663 ratione,
805 2623 854 2655 rei
872 2620 1037 2666 publicae
1064 2632 1143 2654 eum
1171 2622 1256 2655 fecit
1284 2622 1607 2655 administratorem
1631 2633 1698 2666 po-

257 2673 387 2700 testate
411 2667 662 2712 imperatoria,
702 2669 816 2702 donec
845 2668 946 2701 heres
973 2674 1008 2700 et
1041 2679 1219 2701 successor
1244 2669 1423 2712 legitimus
1448 2673 1599 2702 aetatem
1624 2678 1698 2701 ma-

258 2715 425 2746 turiorem
450 2715 644 2759 attigisset:
680 2722 753 2749 tum
780 2716 870 2749 solio
905 2720 941 2747 et
966 2715 1130 2747 omnibus
1167 2715 1366 2760 insignibus
1396 2714 1632 2759 imperatoriis
1658 2725 1697 2747 se

259 2760 449 2840 ιιιὶιιὶἰαωί.
475 2767 582 2805 atque
605 2762 690 2796 haec
715 2774 830 2796 rursus
855 2762 1032 2797 sanctiore
1058 2762 1185 2804 etiam,
1211 2773 1316 2808 qnam
1342 2763 1472 2810 priora,
1497 2761 1698 2796 iureiuran-

286 2818 305 2841 ο
325 2808 585 2843 confirmantur.
