1806 3190
273 158 383 229 348
683 179 912 229 neuneu
954 178 1275 220 PHRANTZAE

269 276 384 333 παρὰ
408 278 525 320 θεοῦ.
582 275 654 319 καί
679 272 781 330 ὅπερ
811 274 851 318 οἶ
878 277 960 318 τῶν
983 276 1296 332 εἶδωλολατρῶν
1319 274 1521 333 Ἑλλήνων
1552 276 1705 331 ὄνομα·

271 342 439 396 ζόμενοι
480 341 670 396 θεολόγοι
702 342 777 382 οὐκ
819 338 933 384 εἶπον
965 342 1066 386 οὐδὲ
1106 341 1305 395 ἐνόμισαν
1333 339 1465 396 εἶναι,
1504 345 1637 386 ταῦτα
1678 343 1705 392 ὅ

269 407 475 461 ΙΠωάμεθ
511 407 889 464 ἀνακεκαλυμμένῳ
935 409 995 465 τῷ
1021 406 1224 465 προσώπῳ
1263 412 1488 461 νομοθετεῖ.
1554 410 1704 452 ἐκεῖνοι

269 472 348 528 γὰρ
373 470 505 522 οὕτως
523 472 724 526 λέγουσιν,
754 469 820 513 ὅτι
847 470 886 515 οἱ
903 474 981 525 μὲν
998 475 1133 522 καλῶς
1158 471 1308 515 ἐνθάδε
1327 475 1564 528 βιώσαντες,
1599 473 1705 516 ἐπὰν

273 537 520 580 ἀποθάνωσι
564 539 641 578 καί
678 539 874 591 καθαρῶς
911 537 1236 594 ἀποδημήσωσιν
1276 538 1319 581 αἱ
1348 541 1490 593 ψυχαὶ
1515 535 1595 581 ἇπό
1620 540 1740 583 τῶν5

271 603 490 655 σωμάτων,
522 604 581 651 εἰς
607 602 706 653 τούς
733 602 861 652 θεοὺς
881 604 1136 658 ιῖπέρχονται
1157 605 1230 646 καί
1253 604 1356 657 μετὰ
1386 607 1470 647 τῶν
1495 608 1606 647 θεῶν
1634 604 1704 646 εὖ·

270 671 475 724 ρι’σκονται
509 670 568 717 εἰς
594 667 671 718 τοὶς
699 671 781 710 τῶν
806 671 1024 726 μακαρίων
1050 669 1200 724 νήσους
1227 673 1299 712 καί
1322 676 1411 724 μετ’
1437 671 1574 712 αὐτῶν
1601 686 1703 712 συν·-

271 733 543 787 αγοίλλονται,
587 737 668 776 τῶν
709 736 755 776 δὲ
796 738 931 784 κακῶς
967 733 1116 777 ἐνθάδε
1145 737 1388 789 βιωσάντων
1413 737 1485 778 καί
1513 736 1704 790 α’καθάρ-

269 815 351 843 των
378 800 451 840 καί
474 800 799 853 μεμολυσμένων
827 800 1093 842 ἀπελθόντων
1121 800 1165 843 αἱ
1194 801 1352 843 τούτων
1381 803 1521 855 ’ψυχαὶ
1548 802 1609 849 εἰς
1636 803 1705 852 ζο-

271 865 428 922 φώδεις
455 867 527 907 καί
564 866 797 915 σκοτεινούς
828 866 1079 921 ἀπέρχονται
1116 866 1267 916 τόπους
1294 865 1367 908 καί
1392 869 1450 916 εἰς
1479 865 1549 908 τόν
1575 881 1703 907 ποτα-
1723 881 1771 906 ιο

268 929 351 982 μόν
379 929 449 972 τὸν
477 934 866 987 Πυριφλεγέθοντα.
919 933 992 972 καί
1022 929 1061 972 οῖ
1101 934 1178 984 μὲν
1205 932 1501 986 εἰδωλολάτραι
1516 926 1706 985 Ἕλληνες

268 995 408 1050 ἔλεγον
436 998 590 1039 ταῦτα·
646 995 666 1037 ὃ
699 998 745 1037 δὲ
774 995 997 1049 Μωάμεθ,
1037 994 1080 1044 ὃς
1113 995 1308 1049 ὀνομάζει
1347 994 1499 1038 ἑαυτὸν
1527 995 1705 1050 όρθόὸο-

273 1066 341 1113 ξον
367 1061 441 1104 καί
462 1060 635 1116 πλησίον
668 1063 742 1104 τοῦ
775 1063 881 1103 θεοῦ
920 1061 1210 1116 εὑρισκόμενον
1220 1095 1232 1114 ,
1263 1065 1369 1116 λε’γει
1393 1063 1466 1103 καί
1491 1065 1712 1114 νομοθετεῖ

272 1129 444 1170 τοιαῦτα
471 1126 718 1182 α’τοπὴματα
741 1124 914 1181 αἰσχρά,
947 1130 1020 1169 καί
1039 1128 1112 1169 οὐκ
1129 1126 1218 1181 ἔχει
1244 1126 1476 1182 ἐνθύμησιν
1504 1123 1610 1176 ὅλως
1640 1125 1704 1168 ὅτι

272 1194 407 1235 ταῦτα
436 1194 569 1234 πάντα
612 1193 738 1247 ὀργῆς
767 1191 838 1233 καί
876 1192 1146 1248 ἀποστροφῆς
1173 1191 1275 1246 ἔργα
1302 1194 1373 1234 καὶ
1399 1195 1472 1247 τῆς
1499 1191 1706 1246 ἁμαρτίας
1724 1195 1775 1239 ι5

271 1258 583 1311 ἀποτελέσματα
620 1260 718 1300 εἰσι.
786 1257 864 1312 πρὸ
893 1257 973 1313 γὰρ
1001 1260 1073 1312 τῆς
1102 1257 1378 1312 παραβάσεως
1405 1260 1478 1299 καί
1499 1255 1708 1312 ἁμαρτίας

271 1327 348 1367 τοῦ
372 1323 506 1378 Ἀδάμ
543 1326 625 1365 ποῦ’
666 1321 848 1378 λουτρά,
881 1326 962 1364 ποῦ’
987 1321 1092 1372 ὅλως
1130 1322 1343 1377 οἰκήματα,
1373 1326 1456 1365 ποῦ’
1483 1322 1527 1365 αἱ
1555 1325 1707 1364 πολλαὶ

271 1391 484 1444 γυναῖκες,·
528 1388 634 1431 ἀλλὰ
674 1387 777 1442 μετὰ
813 1388 887 1444 τὴν
915 1389 1125 1443 ἁμαρτίαν
1151 1392 1223 1431 καί
1251 1388 1324 1443 τήν
1351 1388 1538 1443 κατάραν
1564 1389 1708 1430 ἐπανέ-

272 1473 350 1511 στη
377 1454 422 1498 τὸ
452 1458 574 1509 σῶμα
605 1451 742 1509 ὥσπερ
771 1458 920 1510 θηρίον
944 1454 1049 1497 κατὰ
1079 1457 1153 1510 τῆς
1171 1457 1315 1510 ψυχῆς
1342 1459 1416 1510 τῆς
1438 1455 1497 1509 μὴ
1528 1455 1707 1509 ἐχούσης

272 1524 502 1571 καθολικῶς
532 1520 606 1576 τήν
632 1522 705 1563 τοῦ
729 1522 830 1561 θεοῦ
860 1521 1091 1573 ἐπίσκεψιν.
1118 1520 1269 1574 ἴσχυσε
1298 1518 1342 1562 τὸ
1368 1523 1504 1573 σῶμα,
1536 1521 1609 1561 καί
1633 1536 1705 1561 κα·
1719 1538 1775 1564 20

273 1589 452 1629 τέσηασε
485 1587 558 1641 τῆν
587 1585 733 1640 ψυχὴν
761 1584 843 1627 ἀπὸ
872 1587 947 1627 τοῦ
965 1583 1106 1638 ὕψους
1125 1585 1200 1627 καί
1223 1587 1299 1627 τοῦ
1323 1589 1546 1639 μεγαλειόυ
1578 1585 1707 1639 αὐτῆς

274 1651 347 1694 καὶ
383 1650 608 1707 κατήγαγεν
653 1653 713 1700 εἰς
739 1650 815 1699 τὰς
859 1650 1121 1705 παραλόγους
1157 1651 1229 1692 καὶ
1257 1654 1442 1703 ματαίας
1469 1649 1710 1704 σωματικὰς

274 1720 503 1772 ἐπιθυμίας
530 1719 602 1759 καί
629 1714 804 1772 ἡδονάς·
860 1717 930 1758 καὶ
958 1713 1098 1771 ὥσπερ
1129 1715 1401 1771 ἀνδράποδον,
1430 1714 1559 1765 οὕτως
1585 1731 1708 1758 κατε-

274 1781 515 1839 ὅουλώθηῆ
543 1781 659 1839 ψυχὴ
691 1784 750 1832 εἰς
781 1781 857 1832 τάς
890 1781 1125 1837 σωματικὰς
1155 1782 1336 1839 ὀρέξεις·
1413 1784 1453 1825 εἰ
1477 1784 1578 1838 γοῦν
1603 1780 1708 1837 μετὰ

276 1996 396 2019 corum
422 1984 691 2018 idololatrarum
718 1984 879 2029 theologi
903 1997 978 2020 non
1010 1985 1177 2019 dixerunt
1199 1996 1266 2019 nec
1292 1984 1541 2026 erediderunt,
1565 1984 1602 2018 id
1623 1984 1708 2019 Mo-

275 2032 434 2066 hametes
459 2033 614 2065 revelata
651 2032 770 2065 fronte
808 2034 946 2066 statuit.
1003 2033 1058 2065 illi
1083 2034 1177 2065 enim
1200 2033 1250 2066 ita
1279 2033 1391 2074 aiunt,
1416 2033 1477 2078 qui
1504 2032 1624 2078 pulcre
1649 2032 1709 2065 hic

275 2080 442 2119 vixerint,
464 2090 524 2112 eos
549 2083 631 2124 post
654 2084 815 2119 mortem,
838 2091 949 2124 quum
971 2081 1079 2112 animi
1106 2091 1124 2113 e
1150 2091 1336 2124 corporum
1364 2080 1515 2113 vinculis
1539 2080 1618 2124 puri
1643 2091 1707 2112 ex·

277 2127 460 2166 cesserint,
484 2125 529 2159 ad
566 2125 652 2158 deos
673 2126 821 2170 migrare
847 2132 883 2159 et
923 2138 1001 2159 cum
1030 2126 1098 2159 diis
1135 2127 1266 2160 versari
1301 2127 1338 2159 in
1373 2126 1558 2159 beatorum
1582 2126 1714 2159 insulis·

277 2185 357 2206 cum
381 2173 582 2218 iisdemque
607 2173 749 2205 laetari:
776 2178 896 2206 contra
920 2174 982 2218 qui
1005 2174 1097 2206 male
1120 2172 1178 2205 hic
1203 2173 1356 2207 vixerint
1388 2179 1424 2206 et
1447 2173 1576 2218 impuri
1599 2178 1713 2218 atque

277 2221 459 2266 inquinati
484 2219 716 2260 excesserint,
744 2219 868 2252 horum
894 2221 1026 2253 animas
1050 2221 1086 2253 in
1120 2220 1198 2253 loca
1224 2220 1411 2253 tenebrosa
1439 2225 1475 2253 et
1499 2219 1647 2252 obscura
1672 2224 1710 2252 et

276 2267 625 2312 Pyriphlegetontem
652 2266 795 2300 fluvium
821 2265 929 2299 abire.
979 2267 1067 2300 haec
1094 2267 1202 2311 igitur
1220 2267 1347 2299 Graeci
1369 2266 1582 2300 idololatrae
1608 2265 1710 2299 dixe-

278 2320 372 2347 runt.
398 2313 619 2347 Mohametes
647 2324 741 2354 vero,
766 2313 828 2358 qui
853 2324 889 2346 se
914 2313 1150 2347 orthodoxum
1175 2324 1249 2347 esse
1274 2319 1310 2347 et
1334 2325 1450 2346 coram
1476 2312 1543 2346 deo
1568 2313 1713 2346 stetisse

277 2362 396 2402 iactat,
419 2360 548 2406 probat
573 2360 748 2405 docetque
766 2359 888 2393 foedas
913 2360 997 2393 istas
1024 2371 1143 2403 nugas,
1165 2372 1231 2393 nec
1246 2361 1321 2393 ullo
1340 2360 1445 2393 modo
1463 2360 1583 2400 sentit,
1602 2371 1711 2405 quam

277 2419 400 2442 ornnes
427 2407 494 2440 hae
518 2418 572 2441 res
595 2406 809 2441 libidinosae
845 2413 882 2440 et
905 2407 1137 2440 detestandae
1163 2408 1234 2440 sint
1269 2412 1306 2440 et
1330 2413 1514 2452 peccatum
1539 2417 1711 2440 consecu-

277 2461 346 2489 tae.
374 2460 457 2488 ante
484 2454 608 2488 Adami
637 2454 731 2487 enim
746 2459 927 2500 peccatum
951 2460 988 2487 et
1012 2454 1182 2487 delictum
1207 2454 1352 2486 ubinam
1380 2454 1542 2494 balneae,
1565 2453 1709 2486 ubinam

278 2502 425 2535 omnino
451 2501 572 2542 aedes,
598 2500 745 2534 ubinam
777 2501 909 2534 multae
936 2501 1117 2534 feminae?
1178 2501 1239 2534 sed
1267 2507 1347 2546 post
1375 2506 1556 2547 peccatum
1585 2505 1621 2533 et
1647 2511 1710 2533 ex-

277 2549 511 2582 sectationem
548 2559 674 2592 corpus
698 2553 866 2593 tanquam
897 2547 1011 2580 bestia
1036 2547 1160 2587 menti,
1196 2549 1353 2594 perfecta
1380 2549 1529 2581 notione
1552 2545 1611 2579 «lei
1635 2557 1709 2580 non

278 2600 507 2636 sustentatae,
532 2594 709 2636 inhiabat,
736 2595 926 2640 superabat
951 2605 1046 2634 eam,
1070 2600 1178 2639 atque
1202 2596 1364 2635 animam,
1394 2606 1436 2627 ex
1459 2593 1650 2627 altitudine
1673 2597 1711 2626 et

277 2642 539 2686 magnificentia
569 2641 765 2682 deiectam,
801 2642 839 2674 in
869 2652 975 2674 vanas
998 2647 1035 2674 et
1060 2642 1200 2674 insanas
1235 2641 1405 2674 libidines
1432 2641 1712 2685 voluptatesque

277 2689 434 2733 corporis
459 2688 626 2722 adduxit:
651 2699 692 2721 ac
715 2689 883 2734 mancipii
907 2689 1018 2721 instar
1041 2689 1155 2720 anima
1184 2688 1440 2733 cupiditatibus
1465 2687 1621 2731 corporis
1643 2685 1711 2718 ob-

280 2735 401 2769 stricta
427 2741 491 2768 est.
555 2734 704 2781 quodsi,
743 2736 805 2781 qui
839 2735 883 2769 ad
907 2735 1125 2771 voluntatem
1163 2734 1221 2768 (lei
1245 2735 1408 2770 vixerunt
1432 2733 1607 2774 homines,
1628 2737 1711 2779 post
