1806 3190
258 130 330 170 DE
372 126 876 171 cois-summorum
916 123 1260 168 OPPUGNATA.
1365 89 1471 174 46'1

37 231 120 279 ξων
162 228 236 269 καί
271 229 354 269 τῶν
377 230 564 282 τζαγρῶν
606 228 688 270 τῶν
708 226 949 281 Ῥωμαίων,
979 228 1053 268 καί
1080 228 1162 268 τῶν
1190 223 1480 281 βουμπάρδων

0 289 3 292 ”
37 292 112 343 τοὶς
139 294 306 348 πέτρας.
363 289 539 336 ὄπισθεν
558 295 604 334 δὲ
628 292 781 348 ταύτης
799 296 1019 335 ἐθέσπισεν
1046 294 1113 334 ἵνα
1135 292 1325 333 ἵστανται
1354 306 1482 343 στρα-

37 360 185 400 τιῶται
213 359 259 399 ἐκ
288 362 434 401 πασῶν
461 359 609 413 γενεῶν
638 359 713 399 τοῦ
741 358 1052 414 στρατεύματος
1092 355 1245 399 τούτου
1277 360 1482 411 τολμηροί

37 426 111 466 καί
135 425 332 476 ἀνδρεῖοι,
363 424 408 467 τὸ
434 427 526 476 μέν,
558 421 613 473 ῶς
641 422 685 466 τὸ
720 423 830 478 ἔθος,
863 426 923 473 εἰς
943 421 1158 478 προσοχὴν
1183 425 1255 477 τῆς
1283 423 1478 476 παστίας,

0 488 82 535 5τὸ
116 490 162 531 δὲ
200 490 269 531 ἴνα
305 488 603 544 φυλάσσωνται
645 491 697 530 δι’
729 491 907 544 ἐκείνης,
949 488 986 531 οἱ
1015 491 1062 530 δὲ
1089 491 1156 530 ἵνα
1183 489 1407 542 μάχωνται
1435 489 1480 538 ἐξ

35 554 194 608 ἐκείνης
223 549 396 596 ὄπισθεν
424 553 526 609 μετὰ
557 556 746 608 τζαγρῶν
775 570 819 596 τε
862 555 933 596 καί
960 552 1085 605 τόξων
1111 557 1185 595 καί
1210 556 1294 595 τῶν
1320 556 1524 596 σκευῶνΒ

36 623 120 662 τῶν
147 617 335 673 μεγάλων
372 623 445 662 καί
479 623 560 662 τῶν
605 622 766 674 μικρῶν
803 622 886 661 τῶν
916 622 1099 674 α’πείρων
1135 613 1192 661 ὧν
1223 618 1375 674 ἔφερον
1407 617 1476 661 διὰ

36 684 194 728 τούτου.
250 684 327 735 τὰς
364 688 410 728 δὲ
439 685 592 734 σκευὰς
627 685 702 735 τὰς
729 689 946 740 μεγίστους
989 686 1161 736 ἐκείνας,
1191 682 1337 733 ὁποίας
1366 680 1479 738 εἶχον

36 749 111 800 τοὶς
139 751 310 800 ἐλπίδας
337 748 404 792 ὅτι
433 753 489 792 δι’
517 752 675 800 ἐκείνας
699 749 749 793 τά
782 753 901 806 τείχη
929 752 1004 805 τῆς
1033 751 1192 799 πόλεως
1219 753 1371 791 θέλουν
1398 766 1479 803 χα-

0 814 178 861 ολοὶσειν
208 816 279 857 καὶ
310 815 391 858 α’πό
418 815 566 859 τούτου
593 815 669 872 τὴν
689 815 811 858 πόλιν
840 817 1168 870 αἰχμαλωτίσαι,
1200 814 1379 869 ἔστησαν
1405 831 1479 856 πε-

37 884 213 935 ριέργως
241 883 301 930 εἰς
329 881 452 924 τόπον
478 883 522 923 ἐν
548 875 582 939 ᾧ
607 884 766 924 σοῦ’δαν
788 883 861 923 ούκ
888 879 998 936 εἶχεν
1026 881 1175 934 ὁμοίαν
1201 882 1364 922 σουδῶν
1395 883 1480 923 τῶν

33 944 213 1001 ἑτέρων,
259 945 360 988 α’λλοὶ
408 951 697 1002 κεχαλασμένη
735 945 933 1003 ὖπῆρχεν,
964 949 1036 989 καί
1066 945 1242 988 ἔκπαλαι
1271 949 1481 1000 γέμουσαν

31 1013 197 1066 χῶμαν,
226 1014 298 1054 καί
326 1009 521 1067 ἄντικρυς
545 1013 697 1068 ταύτης
716 1013 870 1067 πύργος
896 1013 1078 1068 εὖρέθην
1103 1015 1148 1055 ἐκ
1180 1010 1481 1066 συμβάσματος

35 1079 131 1118 λίαν
169 1079 493 1132 σεσαθρωμένος
532 1081 604 1120 καί
643 1081 887 1132 ὲσχισμένος
921 1076 1003 1119 ἀπὸ
1049 1075 1211 1120 ἄνωθεν
1251 1077 1330 1127 ἕως
1357 1076 1479 1120 κάτω.

0 1144 108 1191 5καί
135 1144 442 1196 προσδοκῶντες
481 1143 518 1185 οἱ
553 1146 728 1198 Τοῦρκοι
768 1142 835 1185 ὅτι
866 1147 948 1185 τῶν
966 1147 1170 1198 μεγίστων
1196 1141 1482 1198 βουμπάρὸων

35 1206 80 1251 αἱ
107 1210 260 1262 πέτραι
289 1207 361 1250 τὸν
381 1212 702 1263 σεσαθρωμένον
727 1209 882 1264 πύργον
902 1211 1056 1252 ἐκεῖνον
1084 1211 1236 1252 θέλουν
1260 1208 1477 1263 χαλάσειν,
1490 1225 1525 1259 Ρ.
1545 1233 1610 1264 190

34 1275 108 1316 καί
134 1273 227 1316 ἐπεὶ
255 1273 276 1314 ὁ
316 1271 440 1324 τόπος
482 1277 641 1317 σοῦδαν
676 1276 752 1316 οὐκ
788 1274 878 1329 ἔχει
903 1273 1000 1325 τούς
1033 1275 1242 1329 Τούρκους
1267 1273 1318 1317 νὰ
1347 1276 1477 1328 ἑμπο..

0 1391 1 1395 ¹
35 1341 147 1397 δι’σῃ,
178 1336 400 1389 ἀκωλύτως
421 1342 479 1390 εἰς
508 1340 553 1382 τὸ
585 1340 665 1392 ἔξω
697 1339 872 1395 κάστρον
904 1343 1077 1382 θέλουσι
1106 1341 1301 1396 φθάσειν,
1330 1340 1403 1383 καί
1433 1345 1478 1383 ἑκ

33 1409 109 1447 τοῦ
132 1406 407 1459 χαλάσματος
426 1405 522 1455 τοὺς
547 1407 784 1459 Ῥωμαίους
815 1408 968 1448 θέλουν
993 1405 1166 1458 διώξειν,
1197 1411 1268 1449 καί
1294 1406 1368 1461 τήν
1399 1408 1477 1449 πό-

34 1474 100 1512 λιν
149 1474 301 1513 θέλουν
339 1471 578 1513 δὀυλώσειν.
649 1471 754 1526 πλὴν
794 1474 852 1521 εἰς
879 1470 993 1513 κενὸν
1036 1471 1281 1527 έκατήντησε
1307 1475 1423 1521 τέλος
1448 1473 1474 1527 ἦ

33 1538 117 1578 τῶν
148 1538 312 1590 α’σεβῶν
351 1539 600 1591 προσδοκία,
643 1539 736 1580 ἐπεὶ
771 1534 1047 1592 ἑβδομήκοιτα
1084 1537 1205 1590 βοκία
1242 1539 1313 1591 τῆς
1351 1540 1478 1592 βολῆς

33 1602 108 1656 τῆς
136 1604 332 1658 μεγίστης
361 1602 518 1660 ἐκείνης
545 1602 619 1645 τὸν
636 1605 958 1659 σεσαθρωμένον
984 1605 1141 1646 ἐκεῖνον
1169 1602 1342 1658 ἔκρουσε
1370 1602 1478 1660 πύρ-

134 1740 184 1763 12.
212 1729 405 1777 γέμουσαῗ

34 1847 176 1894 plicatis
203 1847 309 1891 virgis
334 1858 374 1879 ac
397 1847 591 1880 viminibus
619 1848 798 1881 anteriore
824 1849 878 1881 sui
903 1852 1004 1893 parte
1027 1848 1276 1887 communitus,
1304 1853 1346 1881 ut
1371 1848 1480 1892 sagit-

33 1899 93 1928 tae
121 1905 266 1927 arcuum
290 1900 558 1939 tzagrorumque
596 1905 617 1926 a
644 1894 808 1928 Romanis
846 1896 994 1928 emissae
1019 1906 1175 1940 saxaque
1203 1894 1477 1929 bombardarum

31 1941 296 1986 exciperentur.
348 1941 386 1974 in
414 1942 548 1986 aggeris
567 1942 765 1986 posteriore
790 1947 902 1986 parte,
927 1948 967 1975 ut
989 1942 1053 1974 ille
1078 1947 1320 1987 praeceperat,
1347 1942 1480 1976 milites

35 1988 151 2020 omnis
178 1988 316 2032 generis
342 1998 384 2020 ex
401 1989 563 2021 exercitu
586 1988 710 2021 selecti
735 1988 887 2022 audaces
904 1988 1086 2034 sortesque
1105 1989 1374 2034 permanebant,
1402 1994 1480 2022 tum

34 2039 76 2068 ut
101 2045 165 2080 pro
189 2045 285 2067 more
311 2044 471 2078 aggerem
490 2034 737 2076 defenderent,
762 2041 836 2068 tum
856 2041 895 2069 ut
920 2035 965 2068 ab
985 2045 1027 2068 eo
1057 2035 1347 2076 defenderentur,
1376 2034 1480 2068 inde-

30 2092 106 2127 que
132 2092 287 2127 pugnam
320 2087 413 2114 retro
448 2087 581 2115 stantes
605 2092 684 2114 cum
712 2083 839 2126 tzagris
876 2088 914 2115 et
936 2081 1086 2116 arcubus
1111 2083 1265 2128 aliisque
1289 2082 1480 2123 machinis,

34 2134 72 2162 et
94 2129 210 2173 parvis
245 2133 283 2161 et
305 2128 537 2173 ingentibus,
577 2139 690 2173 prope
717 2129 924 2170 innumeris,
951 2129 1042 2162 hanc
1069 2129 1116 2162 ob
1144 2141 1283 2162 causam
1309 2129 1481 2171 advectis,

31 2180 275 2208 consererent.
309 2181 502 2221 apparatus
526 2186 609 2208 vero
638 2176 806 2220 reliquos,
830 2187 962 2222 eosque
990 2177 1164 2220 ingentes,
1190 2176 1319 2221 quibus
1344 2187 1380 2209 se
1396 2187 1481 2221 spe-

33 2221 163 2255 rabant
187 2221 328 2255 moenia
361 2221 456 2255 urbis
480 2233 584 2267 posse
609 2221 773 2255 disiicere
800 2223 958 2268 indeque
997 2224 1176 2256 civitatem
1202 2234 1351 2267 capere,
1376 2234 1482 2256 accu-

33 2274 111 2302 rate
134 2279 177 2301 eo
202 2269 239 2301 in
265 2268 345 2301 loco
387 2279 531 2302 erexere
554 2269 591 2301 in
617 2279 688 2313 quo
723 2270 823 2302 nulla
848 2270 941 2303 fossa
966 2271 1046 2302 aliis
1073 2270 1267 2303 consimilis
1291 2275 1376 2310 erat,
1402 2281 1481 2303 cum

33 2315 146 2349 ruinis
181 2316 348 2348 convulsa
373 2315 417 2348 ab
441 2317 591 2361 antiquo
617 2321 776 2360 tempore
806 2323 901 2350 terra
927 2317 1145 2362 oppleretur.
1195 2321 1364 2349 evenerat
1387 2328 1479 2361 quo-

29 2372 105 2407 que
131 2367 171 2395 ut
194 2362 301 2395 turris
338 2362 393 2395 illi
421 2362 568 2396 adversa
593 2364 745 2396 maxime
781 2365 894 2408 putris
923 2370 960 2397 et
985 2364 1126 2396 ruinosa
1153 2362 1197 2396 ab
1224 2363 1294 2396 ima
1323 2363 1407 2396 sede
1431 2363 1478 2396 ad

30 2409 200 2442 verticem
235 2420 409 2442 summum
448 2408 702 2443 diffinderetur.
765 2409 849 2444 hinc
883 2412 1020 2444 Turcae
1055 2409 1249 2454 sperabant
1277 2411 1478 2454 ingentium

30 2454 307 2489 bombardarum
336 2456 427 2488 saxis
451 2462 590 2501 putrem
609 2457 707 2489 illam
731 2467 772 2489 ac
798 2458 958 2501 fragilem
983 2457 1105 2490 turrim
1130 2457 1229 2490 facili
1264 2468 1340 2490 sese
1367 2468 1479 2501 nego-

29 2503 84 2536 cio
109 2503 147 2536 iu
169 2502 316 2547 planum
343 2505 527 2544 effusurus,
553 2508 588 2536 et
613 2515 692 2536 cum
717 2504 818 2537 nulla
844 2510 937 2538 esset
961 2503 1055 2537 fossa
1079 2515 1170 2548 quae
1188 2503 1386 2537 retardaret
1411 2505 1480 2537 im-

30 2554 148 2594 petus,
173 2559 218 2582 ex
243 2549 341 2582 sacili
365 2549 403 2583 in
428 2551 639 2583 exteriorem
665 2550 790 2584 urbem
818 2551 1020 2596 illapsurus,
1050 2550 1167 2595 deque
1192 2551 1254 2584 illa
1280 2551 1381 2595 ruina
1408 2552 1479 2584 Ro-

29 2606 174 2629 manum
211 2596 359 2629 militem
397 2597 601 2640 repulsuros
640 2598 896 2643 civitatemque
931 2597 1187 2631 debellaturos.
1238 2604 1483 2631 verumtamen·

30 2642 218 2686 impiorum
247 2642 485 2675 confidentiae
511 2645 627 2677 exitus
656 2655 730 2677 non
759 2644 962 2689 respondit:
993 2655 1145 2689 namque
1172 2644 1256 2677 licet
1282 2645 1389 2678 turris
1413 2656 1482 2689 pu·-

29 2688 125 2722 trida
147 2689 333 2723 machinae
349 2689 521 2723 maximae
546 2691 775 2737 septuaginta
792 2691 923 2725 ictibus
940 2697 1090 2724 contusa
1107 2691 1243 2731 suisset,
1270 2691 1371 2724 nulla
1397 2691 1480 2725 inde
