1806 3190
318 116 428 173 508
715 137 932 179 ioANNJs
989 136 1352 178 ANAGNos'rAE

313 237 470 278 πλοίων
510 232 685 290 ἑτέρων,
716 237 816 287 μεθ’
850 232 948 290 ὅσης
978 231 1029 277 ἄν
1057 251 1119 284 τις
1157 234 1266 278 εἴποι
1294 236 1369 290 τῆς
1393 235 1568 291 φρίκης·
1629 231 1755 291 ᾤοντο

312 299 392 355 γάρ
420 301 566 342 πολλοὶ
592 297 715 354 μήπω
749 298 846 348 τούς
888 303 1113 353 πολεμίους
1145 302 1316 343 εἰσιέναι
1344 302 1517 343 ἐκεῖθεν.
1569 299 1614 343 τὸ
1642 303 1678 342 δ’
1707 295 1758 354 ἦν

313 368 566 418 τούναντίον,
594 364 665 406 καὶ
706 367 778 419 τῆς
809 381 853 418 γε
883 367 1046 415 ἐλπίδος
1091 367 1316 421 διήμαρτον
1346 365 1384 408 οἱ
1412 369 1537 408 τοῦτο
1569 364 1759 408 διανοού-

312 447 442 484 μενοι.
498 433 617 472 τοῦτο
647 433 693 472 δὲ
724 430 829 472 κατὰ
861 429 931 473 τὸν
959 433 1116 487 πύργον
1143 430 1215 473 τὸν
1243 432 1496 484 καλούμενον
1518 433 1759 484 Σαμαρειάν

312 493 422 538 εἶδον
447 494 597 545 πάντες
625 496 802 550 συμβάν.
858 495 1023 540 πάντων
1049 497 1129 552 γὰρ
1160 498 1483 551 προσδοκώντων
1513 498 1569 546 ὥς
1601 494 1700 539 ὅταν
1731 497 1794 551 ἧ5

313 562 434 611 πόλις
461 562 572 618 ἁλῷ,
617 561 676 617 μὴ
707 559 758 605 ἂν
793 564 942 605 τοῦτον
974 562 1105 613 εὐθὺς
1147 563 1456 618 προσδεδόσθαι
1486 559 1513 617 ἦ
1540 561 1613 617 τήν
1641 562 1760 615 ταχί-

312 644 415 682 στην
443 626 514 669 διὰ
546 629 728 681 πολέμου
757 630 998 684 ληφθῆναι,
1035 628 1141 682 πρὸς
1180 627 1254 683 τήν
1287 629 1359 683 τῆς
1382 625 1593 683 θαλάττης
1625 624 1761 682 αὖτήν

313 695 500 745 κείμενον
529 693 649 749 ἧϊόνα
690 695 762 736 καὶ
807 696 1133 748 διατειχίσμασι,
1180 695 1252 736 καί
1282 691 1422 743 ὅπλοις
1450 693 1522 736 καί
1544 696 1647 736 πᾶσι
1675 700 1761 745 τοῖς

314 759 564 812 ἀναγκαίοις·
583 760 722 808 καλῶς
748 762 1118 815 κατωχυρωμένον,
1136 786 1191 795 -—
1208 761 1359 814 ταύτην
1387 756 1461 802 οὖν
1479 759 1553 815 τὴν
1579 761 1761 813 ματαίαν

314 827 464 866 ἐλπίδα
484 826 613 867 πάλαι
647 823 764 880 ἡμῶν
792 827 1062 881 κεκτημένων,
1092 827 1169 868 οὐκ
1198 826 1330 879 ὀλίγοι
1358 825 1409 881 δή
1428 842 1534 874 τινες
1562 828 1635 868 καί
1661 824 1762 879 πρὸς
1779 842 1792 868 ι

233 903 300 947 348
316 893 458 933 τοῦτον
498 894 761 946 κατέδραμον
801 893 872 934 έηί
908 894 1076 949 φυλακῇ
1118 893 1198 934 τῶν
1229 893 1347 934 ἰδίων
1384 891 1599 945 σωμάτων.
1654 890 1761 945 πλὴν
1805 941 1806 946 ¹

314 957 529 999 κάνταῦθα
569 959 641 1012 τῆς
678 957 842 1007 ἐλπίδος
881 957 1138 1013 διήμαρτον·
1195 957 1315 1012 μόγις
1344 955 1424 1013 γὰρ
1452 959 1536 999 τῶν
1564 958 1762 1000 Λατίνων
1805 962 1806 976 ³

314 1019 403 1065 ὅσοι
434 1021 684 1078 προύχοντες
713 1020 837 1078 ἦσαν,
869 1026 941 1065 καί
966 1026 1202 1079 Τζεταρίων
1230 1025 1359 1078 ὀλίγοι
1385 1021 1488 1076 μετὰ
1517 1026 1600 1065 τῶν
1629 1024 1760 1075 προῦ-

314 1089 558 1143 παρχόντων
577 1090 637 1139 εἷς
666 1091 874 1146 φυλακήν,
898 1092 957 1138 εἰς
974 1091 1120 1132 τοῦτον
1146 1092 1380 1146 συνέφυγον
1398 1088 1538 1142 μόνον,
1563 1089 1635 1130 καί
1663 1086 1762 1136 τούς

314 1151 467 1204 ἄλλους
500 1153 632 1205 εὐθύς
661 1155 945 1198 κεκωλύκεσαν
976 1157 1049 1210 τῆς
1069 1154 1245 1198 εἰσόδου.
1302 1155 1345 1197 οἳ
1369 1153 1442 1197 καί
1464 1153 1533 1197 διὰ
1552 1155 1627 1195 τοῦ
1654 1151 1758 1196 κατὰ
1777 1169 1806 1196 11

314 1221 526 1262 θάλατταν
554 1224 891 1276 προβεβλημένου
913 1220 1249 1275 διατειχίσματος
1271 1223 1612 1278 (Τζερέμπουλον
1639 1221 1760 1262 τοῦτο

316 1291 454 1329 καλεῖν
495 1286 646 1336 πάντες
683 1288 913 1345 εἰώθαμεν)
957 1289 1015 1336 εἰς
1056 1287 1129 1337 τὰς
1159 1287 1342 1343 τριήρεις
1374 1288 1551 1339 εἰσίασι,
1579 1286 1658 1340 πρὸ
1687 1301 1761 1336 μι-

316 1354 420 1407 κροῦ
448 1352 552 1409 πρὸς
592 1351 717 1396 αὐτὸν
753 1353 857 1406 μετὰ
899 1354 1195 1409 προεισιόντων
1237 1350 1375 1396 ἄλλων
1415 1355 1461 1395 ἐκ
1489 1354 1566 1396 τοῦ
1597 1353 1761 1405 λιμένος

316 1420 690 1474 καθορμισθείσας.

400 1486 468 1527 ιδ’.
503 1483 589 1527 Ami
607 1485 686 1527 τῶν
710 1483 925 1538 κλιμάκων
948 1479 1022 1527 οὖν
1041 1483 1114 1527 καί
1131 1485 1212 1526 τῶν
1235 1482 1494 1540 ὀρυγμάτων,
1515 1481 1572 1532 ὥς
1590 1481 1802 1540 {mmmm

317 1552 400 1592 τῶν
443 1552 652 1603 πολεμίων
690 1553 764 1605 τῆς
806 1550 960 1600 πόλεως
990 1549 1105 1600 έντὸς
1139 1551 1380 1604 γενομένων,
1407 1549 1445 1592 οἱ
1472 1553 1550 1603 μὲν
1588 1548 1659 1591 ἐπὶ
1689 1547 1762 1598 τὰς

319 1617 451 1665 οἰκίας
474 1619 719 1671 συνέτρεχον
743 1618 816 1658 καί
833 1615 927 1666 τοὺς
954 1616 1218 1673 ἀνθρώπους,
1247 1615 1285 1658 οἱ
1305 1619 1344 1658 δ’
1360 1618 1430 1658 ἐπὶ
1447 1615 1524 1665 τοὶς
1543 1614 1674 1664 πύλας
1691 1616 1763 1668 τῆς

317 1681 474 1732 πόλεως
510 1681 641 1732 αι’τὰς
692 1682 1024 1725 οἷναπεταννύναι
1065 1681 1171 1737 πρὸς
1204 1681 1249 1724 τὸ
1291 1682 1366 1737 τήν
1402 1681 1523 1724 πόλιν
1558 1683 1761 1724 εἰσελθεῖν

317 1861 529 1906 subrepere3
568 1861 630 1893 alii
667 1862 863 1894 triremium
897 1863 956 1895 vel
997 1862 1146 1895 aliarum
1180 1862 1422 1896 navicularum
1458 1871 1642 1895 ascensum
1667 1859 1757 1900 sibi,
1799 1860 1801 1874 ⁵

314 1908 460 1941 horrore
487 1918 591 1941 saevo
618 1908 766 1952 perfusi,
790 1910 1052 1953 promittentes,
1078 1909 1123 1942 ad
1146 1909 1252 1942 litora
1282 1919 1469 1954 proruere:
1497 1918 1651 1952 namque
1676 1907 1759 1951 opi·
1795 1923 1801 1956 ἦ

314 1956 494 1988 nubantur
533 1954 671 1988 aditum
698 1956 808 1988 fuisse
845 1956 890 1988 ad
924 1968 982 1990 eas
1018 1956 1185 1989 hostibus
1219 1956 1460 1989 interclusum.
1510 1960 1547 1988 at
1571 1965 1626 1987 res
1652 1953 1759 1986 aliter
1798 1966 1801 1971 ·

1795 1974 1803 2014 i

313 2008 488 2045 cesserat3
527 2007 564 2035 et
601 2002 664 2047 qui
703 2002 833 2035 similia
868 2004 1177 2048 imaginabantur,
1213 2014 1275 2048 spe
1300 2015 1362 2035 sua
1402 2002 1517 2035 delusi
1546 2007 1639 2034 sunt.
1689 2000 1758 2033 hoc

313 2049 409 2082 idem
437 2054 474 2082 et
499 2049 589 2081 circa
617 2049 740 2082 turrim
756 2049 950 2082 Samariam
974 2057 1214 2095 nuncupatam
1240 2051 1431 2093 contigisse
1459 2059 1582 2081 omnes
1611 2047 1757 2092 expeti·
1792 2080 1794 2082 .

314 2101 437 2129 mento
462 2094 790 2140 deprehenderunt.
850 2109 930 2130 nam
957 2098 1232 2136 existimabant,
1269 2097 1408 2130 etiamsi
1442 2095 1525 2128 urbs
1549 2101 1758 2140 caperetur,

313 2155 386 2176 non
412 2144 530 2176 statim
555 2154 631 2175 eam
655 2142 875 2176 deditionem
902 2144 1075 2177 facturam
1103 2145 1161 2177 vel
1192 2144 1282 2177 adeo
1308 2144 1471 2176 celeriter
1500 2142 1546 2174 ab
1571 2152 1760 2187 oppugna-
1789 2183 1791 2186 ι

313 2190 452 2223 toribus
476 2189 759 2234 opprimendam,
783 2190 822 2222 in
847 2191 925 2235 ipso
955 2192 1058 2223 maris
1083 2191 1188 2224 litore
1218 2192 1344 2230 sitam,
1370 2191 1478 2223 muris
1503 2195 1540 2222 et
1564 2189 1671 2222 armis
1699 2193 1757 2220 te-
1786 2195 1790 2208 ²

315 2243 408 2270 ctam
430 2237 711 2282 necessariisque
736 2237 818 2269 aliis
847 2238 983 2282 optime
1006 2238 1272 2271 communitam.
1298 2237 1365 2270 hac
1389 2248 1479 2269 vana
1504 2246 1566 2281 spe
1595 2246 1615 2268 a
1641 2234 1756 2268 multo

314 2290 475 2328 tempore
503 2284 627 2317 lactati
665 2294 739 2316 non
763 2284 868 2328 pauci
903 2285 941 2317 in
965 2285 1065 2318 illam
1081 2312 1090 2327 ‚
1116 2290 1156 2318 ut
1178 2285 1330 2330 propriis
1357 2283 1564 2329 corporibus
1590 2281 1759 2327 provide-

317 2337 408 2371 rent,
431 2330 596 2364 ruebant.
651 2336 896 2364 verumtamen
929 2332 967 2363 in
1001 2331 1070 2364 hoc
1102 2343 1248 2377 quoque
1280 2331 1420 2376 decepti
1447 2335 1552 2364 sunt:
1579 2330 1639 2363 vix
1663 2329 1757 2361 enim
1784 2370 1785 2373 Ἴ

317 2389 359 2411 ex
384 2378 531 2418 Latinis,
557 2377 621 2422 qui
645 2383 747 2411 erant
767 2378 993 2419 illustriores,
1020 2384 1057 2412 et
1083 2379 1255 2412 Tzetariis
1283 2379 1398 2423 pauci,
1424 2389 1503 2410 cum
1528 2377 1600 2409 illis
1625 2375 1756 2420 quibus
1786 2411 1788 2414 ,

314 2425 414 2458 illius
454 2424 617 2457 custodia
653 2430 728 2458 erat
763 2424 989 2466 concredita,
1023 2425 1060 2458 in
1084 2426 1184 2459 illam
1202 2425 1462 2465 confluxerunt,
1488 2423 1760 2467 intromissique

315 2472 396 2504 aliis
436 2472 623 2504 introitum
657 2471 899 2516 denegarunt,
935 2478 971 2505 et
1001 2483 1159 2513 murum,
1200 2473 1238 2505 in
1270 2483 1366 2504 mare
1400 2470 1682 2516 propendentem
1708 2469 1757 2514 (ei

315 2519 552 2562 Tzerempulo
578 2517 675 2563 apud
697 2529 819 2551 omnes
838 2529 967 2551 nomen
993 2520 1060 2565 est)
1085 2520 1124 2552 in
1152 2520 1312 2553 triremes
1336 2519 1447 2564 paulo
1474 2523 1558 2551 aute
1581 2527 1625 2550 ex
1651 2522 1778 2562 portu·

315 2576 358 2599 eo
385 2565 538 2598 deflexas
564 2576 644 2598 cum
668 2565 750 2598 aliis
773 2564 1036 2610 ingrediuntur.
1780 2575 1783 2578 ·

415 2613 464 2656 14.
513 2612 577 2645 Per
601 2612 712 2646 scalas
727 2623 810 2656 ergo
835 2618 944 2657 atque
969 2612 1154 2653 foramina,
1179 2617 1220 2644 ut
1239 2611 1402 2650 diximus,
1426 2609 1546 2643 hostes
1568 2609 1606 2642 in
1633 2607 1758 2641 urbem

315 2659 410 2691 intro
435 2659 601 2699 coniecti,
627 2659 689 2692 alii
715 2659 752 2692 in
776 2659 884 2692 aedes
909 2665 945 2692 et
968 2658 1131 2692 homines
1157 2669 1308 2697 currere,
1334 2658 1395 2690 alii
1417 2657 1462 2689 ad
1486 2662 1604 2702 portas
1631 2655 1758 2688 civita-

317 2705 363 2737 tis
387 2705 610 2750 aperiendas,
635 2712 676 2740 ut
701 2706 856 2741 Murates
882 2706 984 2740 simul
1014 2717 1092 2740 cum
1118 2710 1194 2739 toto
1220 2705 1378 2739 exercitu
1394 2715 1471 2739 sese
1498 2704 1536 2737 in
1564 2714 1641 2737 eam
1669 2713 1757 2735 con-
